2964 4980
737 375 960 440 -εο-.

397 563 532 653 ἰώμενος
562 556 615 635 ούν
638 568 694 658 τήν
722 577 779 656 τής
803 567 933 656 φύσεως
964 565 1083 633 ἐ’νδειαί
1113 575 1338 632 συνουσιοῦται
1368 571 1438 642 τοίς

398 679 514 766 φίλοις.
561 674 811 760 σεμ12Βῖνα
835 675 868 739 δὲ
892 674 967 762 ἔργα
990 680 1128 763 γένηται,
1150 683 1265 760 χειρων
1281 666 1368 760 αύτφ
1391 673 1440 738 δεῖ

398 785 534 850 πολλῶν.
581 785 621 851 εἰ.
646 804 716 866 pap.
743 791 794 850 30.

307 893 370 958 Dio
394 913 424 974 p.
452 898 514 959 130
537 890 635 974 μόνος
656 890 715 974 μὲν
738 890 798 977 γὰρ
822 882 925 967 ούδεὶς
947 888 1029 976 πρὸς
1053 881 1141 955 ούδίν
1162 881 1233 956 ούδὲ
1260 898 1324 954 τῶν
1349 887 1440 952 ἰδίων

398 997 505 1076 ἱκανός
528 997 611 1064 ἐστι·
636 1009 705 1076 τοῖς
728 998 761 1062 δὲ
783 999 977 1082 βασιλεῦσιν,
1002 992 1067 1083 ύσφ
1084 998 1187 1062 πλείω
1209 997 1315 1062 τεκαὶ
1337 996 1440 1079 μείζω

396 1105 552 1192 πράττειν
574 1098 705 1193 οἰνοίγκή,
730 1104 888 1171 πλειόνων
921 1105 971 1170 δεῖ
1004 1107 1058 1170 καὶ
1093 1114 1157 1170 τῶν
1193 1102 1439 1189 συνεργούντων.

396 1214 479 1281 Xen.
514 1222 550 1278 K.
582 1212 672 1278 παιδ.
702 1215 794 1298 VHI,
827 1221 857 1298 6,
884 1219 923 1278 12
956 1212 1053 1298 (disp.
1083 1234 1113 1295 p.
1139 1213 1284 1298 231111).

264 1341 334 1403 cap.
367 1327 404 1386 11
429 1324 459 1387 D
493 1319 549 1410 τήν
588 1319 721 1402 δύναμιν
754 1318 855 1406 ἑαυτφ
889 1318 1169 1398 πολυπλασιοίζων.
1221 1341 1291 1402 cap.
1322 1327 1364 1385 26
1394 1320 1439 1386 in.

398 1425 450 1504 αίς
466 1427 551 1513 (scil.
568 1437 639 1504 ταῖς
655 1427 855 1514 πρεσβείαις)
873 1420 993 1509 δμιλιῖιν
1015 1426 1164 1510 βασιλεύς
1180 1419 1268 1492 ούδέν
1292 1452 1325 1491 τι
1348 1438 1442 1510 μεῖον

398 1532 520 1599 εἵσεται
547 1544 612 1600 τῶν
639 1527 740 1620 οἷνχού
766 1533 806 1599 τὰ
831 1535 941 1621 πόρρω
965 1527 1035 1599 οὐδὲ
1060 1527 1168 1620 ύφεως
1197 1533 1354 1622 αἰσθήσει
1385 1535 1442 1623 τήν

398 1635 480 1727 ὑπὲρ
510 1651 567 1730 τής
594 1634 691 1731 δρχής
718 1642 924 1730 προμήθειαν
954 1636 1099 1728 ὁριεῖται.
1146 1663 1215 1724 cap.
1243 1649 1282 1708 11
1300 1645 1331 1708 Ι)
1356 1637 1443 1707 οὕτω

399 1747 460 1836 γὰρ
482 1759 551 1825 τοῖς
574 1741 729 1814 δπύντων
751 1749 809 1831 μὲν
833 1741 1021 1837 ὀφθαλμοῖς
1045 1743 1173 1834 ύφεται,
1197 1759 1269 1825 ταῖς
1284 1742 1443 1814 ἁπάντων

399 1855 432 1920 δὲ
458 1848 572 1933 ύκοαῐς
599 1848 773 1921 δκούσεται
804 1858 858 1920 καὶ
888 1868 960 1934 ταῖς
990 1851 1144 1921 ἁπάντων
1172 1854 1314 1941 γνώμαις
1338 1855 1386 1933 εἰς
1410 1857 1443 1921 ἓν

400 1963 527 2041 ἰούσαις
548 1963 762 2047 βουλεύσεται.

310 2073 373 2138 Dio
397 2093 426 2154 p.
453 2077 505 2137 54.
530 2092 560 2153 p.
581 2077 645 2137 134
659 2074 740 2137 med.
771 2093 801 2154 p.
821 2078 883 2138 135
899 2072 942 2138 in.
967 2072 1002 2154 'p
1023 2073 1145 2140 1381n.
1192 2075 1276 2138 Xen.
1295 2081 1332 2136 K.
1350 2071 1442 2136 παιδ.

400 2180 493 2264 VIII,
518 2186 547 2263 2,
574 2185 674 2246 loss.
701 2187 730 2263 6,
757 2185 796 2244 16
821 2179 929 2265 (huius
953 2180 1035 2262 disp.
1060 2201 1090 2262 p.
1118 2185 1160 2245 24
1181 2179 1251 2266 in.).

312 2287 476 2352 eoncedes
500 2286 636 2352 Dionem
660 2287 811 2352 hocloco
836 2307 856 2351 a
880 2287 1017 2368 Synesio
1040 2287 1168 2368 respici.

267 2431 338 2492 cap.
364 2411 446 2476 290
475 2410 529 2474 καί
559 2408 633 2487 τοὺς
663 2401 764 2495 ύρχού
791 2417 849 2498 τῆς
877 2410 1046 2493 καθέδρας,
1078 2412 1110 2474 οἳ
1131 2410 1229 2492 μόνου
1257 2409 1315 2491 μὲν
1345 2403 1443 2475 αύτου

401 2516 627 2604 δευτερεύουσι,
651 2516 764 2582 τῶνδὲ
786 2509 889 2580 ἄλλων
905 2517 1117 2601 πρωτεύουσι,
1142 2526 1188 2603 τῷ
1210 2518 1367 2604 βασιλική)
1388 2526 1445 2604 τής

403 2632 505 2712 ψυχῆς
528 2622 637 2709 κόσμῳ
661 2621 817 2700 συντάξει.

313 2733 375 2798 1110
399 2752 429 2813 p.
458 2738 520 2797 130
551 2731 606 2794 καί
635 2729 697 2817 γὰρ
725 2729 951 2816 ἰσχυροτάτους
978 2730 1035 2812 μὲν
1065 2729 1149 2808 εἰκὸς
1176 2723 1332 2796 ἁπάντων
1362 2727 1444 2796 εἶναι

402 2836 477 2914 τοὺς
501 2835 593 2921 ἐγγύς
615 2845 679 2902 τῶν
701 2838 857 2920 βασιλέων
884 2838 939 2901 καὶ
966 2836 1022 2924 τήν
1052 2831 1148 2926 α’ρχήν
1177 2838 1442 2914 συνδιοικοῦντας.

270 2985 340 3046 cap.
359 2965 446 3029 211)
469 2961 525 3049 τήν
548 2961 609 3047 γὰρ
632 2955 766 3039 εύνοιαν,
791 2955 810 3046 ή
832 2960 913 3048 μόνη
936 2962 990 3026 καί
1012 2961 1155 3043 μα’λιστα
1177 2964 1334 3046 βασιλέως
1358 2960 1444 3027 ἐστὶν

404 3067 530 3155 ἰσχυρὸν
555 3067 777 3157 φυλακτήριον.

315 3177 377 3244 Dio
401 3198 431 3259 p.
458 3182 500 3242 54
522 3178 604 3243 med.
635 3186 716 3241 ποῖα
748 3173 781 3238 δὲ
809 3169 894 3239 ύπλα
921 3174 1110 3262 βεβαιότερα
1142 3176 1197 3240 καί
1225 3181 1360 3263 κρείττω
1388 3184 1444 3264 τής

403 3274 472 3348 ύπδ
494 3292 558 3347 τῶν
582 3273 755 3347 εύνούντων
779 3282 935 3370 φυλακής,·
959 3282 998 3348 εἰ.
1025 3284 1103 3365 Syn.
1129 3297 1199 3366 opp.
1227 3290 1267 3349 13
1283 3285 1324 3350 D.

316 3389 460 3472 Longius
476 3410 497 3456 a
513 3390 651 3471 Synesio
667 3390 787 3454 absunt
810 3389 893 3456 Xen.
912 3397 949 3453 K.
967 3389 1056 3454 παιδ.
1071 3391 1145 3474 VII,
1165 3396 1192 3474 1,
1211 3397 1263 3456 30.
1304 3388 1441 3456 Aristot.

405 3497 477 3561 πολ.
495 3497 587 3581 VIII,
614 3502 664 3579 11,
689 3502 707 3560 5
733 3494 830 3580 (disp.
855 3516 886 3578 p.
905 3502 944 3561 21
970 3498 1051 3562 ωεδ.
1070 3503 1104 3563 et
1119 3497 1198 3582 fin.).
1246 3495 1319 3562 Lib.
1337 3496 1401 3563 vol.
1418 3496 1442 3578 1,

407 3610 480 3688 278,
510 3611 530 3669 8
554 3602 651 3688 (disp.
676 3623 706 3684 p.
733 3608 773 3667 39
798 3601 877 3688 δικ),
907 3603 973 3669 Jul.
998 3609 1041 3668 48
1064 3605 1093 3669 A
1125 3602 1221 3688 (disp.
1252 3623 1282 3684 p.
1307 3607 1353 3669 44
1375 3601 1442 3688 fin).

273 3730 343 3792 cap.
363 3717 403 3776 25
427 3711 471 3776 in.
497 3708 546 3797 εἰή
568 3710 626 3792 μὲν
650 3703 667 3774 δ
689 3707 863 3790 πολεμικὸς
885 3708 1005 3786 παντὸς
1027 3710 1147 3791 μᾶλλον
1165 3707 1334 3796 εἰρηνικός·
1357 3706 1444 3794 μόνῳ

405 3816 467 3902 γὰρ
498 3815 619 3895 ἐ’ξεστιν
650 3815 772 3904 εἰρήνην
803 3809 892 3900 δῖγειν
922 3825 968 3901 τῷ
999 3815 1159 3902 δυναμένῳ
1194 3815 1249 3881 τδν
1277 3807 1444 3880 οἰδικοῦντα

407 3931 561 3989 κακῶσαι.

318 4029 381 4096 Dio
397 4051 427 4112 p.
446 4037 488 4097 52
511 4031 564 4097 fin.
591 4037 631 4097 53
648 4032 692 4097 in.
724 4032 824 4097 Isocr.
842 4028 924 4115 πρὸς
939 4037 1013 4094 Νικ.
1033 4036 1072 4095 19
1090 4033 1110 4096 d
1135 4029 1231 4116 (disp.
1256 4050 1287 4112 p.
1310 4035 1350 4096 16
1366 4027 1442 4114 fin.).

408 4138 470 4221 Qui
493 4137 609 4204 Dionis
638 4140 726 4204 locus
757 4140 798 4203 ad
822 4138 1000 4203 Isocratem
1030 4137 1125 4220 redit,
1150 4137 1308 4219 Synesius
1338 4141 1444 4203 autem

407 4244 544 4310 Dionem
567 4251 713 4311 sectatus
736 4250 797 4310 est.

275 4368 344 4431 cap.
370 4351 451 4415 130
475 4349 528 4416 ἵνα
550 4349 628 4437 μηδὲ
652 4348 733 4437 πρὸς
755 4349 888 4426 τούτους
911 4348 1004 4437 εἴρων
1026 4337 1046 4437 ή
1070 4348 1310 4437 συστρατιώτας
1332 4349 1443 4413 καλῶν.
