2964 4980
623 298 844 366 -13...

148 497 210 561 est.
235 493 372 562 Juvenis
396 499 464 560 tum
487 495 594 562 factus
618 497 660 562 ad
683 495 912 578 rempublicam
930 495 1071 562 accessit
1086 502 1323 579 tyrannumque

147 603 273 668 Prusae
296 607 333 667 ut
355 604 510 668 evaderet
532 602 674 685 patriam
697 603 832 684 reliquit
855 608 954 686 atque
976 603 1163 670 Domitiano
1186 604 1322 686 impera-

148 714 220 775 tore
236 711 358 775 Romae
382 709 539 775 constitit.
575 710 754 792 Aliquanto
777 714 852 792 post
875 710 951 774 exul
966 711 1085 775 multas
1106 715 1214 775 terras
1231 710 1323 793 adiit,

146 818 258 882 Nerva
274 821 382 882 autem
398 816 567 898 imperium
583 823 679 882 nacto
691 818 827 882 Romam
842 816 942 882 rediit
958 822 1057 897 atque
1072 817 1172 882 etiam
1189 817 1324 883 Traiani

148 929 261 989 aetate
291 924 338 990 ibi
368 923 485 1008 floruit,
515 945 535 989 a
563 924 680 1006 quibus
710 924 825 989 summi
855 932 907 990 est
936 924 1139 990 aestimatus.
1186 925 1324 989 Mortem

150 1033 279 1114 quando
303 1031 421 1098 obierit
444 1031 550 1096 minus
566 1036 689 1097 certum
714 1036 774 1096 est.
823 1031 1009 1114 Composuit
1032 1036 1141 1097 autem
1164 1032 1325 1114 permulta

148 1144 184 1204 et
219 1137 403 1204 clarissima
438 1138 562 1221 scripta
596 1146 694 1220 atque
729 1159 770 1203 ex
804 1139 990 1222 eloquentia
1029 1158 1205 1221 cognomen
1240 1140 1326 1222 cepit

149 1244 383 1327 Chrysostomi.
437 1245 560 1328 Quibus
593 1264 633 1310 ex
670 1245 820 1328 operibus
850 1246 1026 1328 compluria
1058 1247 1147 1329 regis
1185 1247 1325 1314 virtutes

148 1353 328 1419 discutiunt
351 1357 385 1417 et
400 1354 587 1435 explanant.
635 1353 718 1418 Sunt
741 1360 849 1419 autem
872 1358 1005 1436 praeter
1026 1352 1151 1419 minora
1167 1356 1326 1437 quaedam

149 1460 283 1544 scripta,
296 1479 379 1543 quae
392 1460 657 1544 enumeravimus,
670 1466 824 1541 quattuor
836 1461 974 1527 maiores
987 1462 1026 1526 de
1038 1481 1139 1544 regno
1151 1461 1325 1545 orationes,

149 1574 249 1650 atque
278 1568 462 1650 diriguntur
490 1573 524 1632 et
552 1567 658 1650 prima
688 1572 722 1632 et
753 1567 854 1633 tertia
886 1570 927 1633 ad
950 1568 1055 1650 ipsum
1078 1567 1266 1652 principem,
1290 1574 1327 1633 nt

149 1676 213 1742 viri
238 1675 325 1741 docti
347 1680 465 1758 putant
489 1675 675 1758 Traianum,
707 1676 848 1741 secunda
876 1674 997 1757 dialogi
1025 1675 1161 1740 formam
1189 1677 1327 1758 praebet

149 1782 408 1865 colloquentibus
443 1782 629 1848 Alexandro
664 1787 699 1847 et
732 1782 891 1865 Philippo,
932 1787 1052 1863 quarta
1089 1782 1162 1863 ipsa
1202 1799 1327 1863 quoque

151 1889 301 1972 dialogus
325 1894 378 1954 est
400 1889 487 1954 inter
510 1889 729 1954 Alexandrum
755 1894 789 1953 et
811 1889 998 1970 Diogenem.

243 1995 306 2061 His
329 1996 479 2063 inlibris
504 1996 744 2062 conscribendis
767 1997 853 2061 haud
876 2015 981 2078 pauca
1003 1994 1139 2060 Dionem
1171 2014 1211 2060 ex
1243 1995 1327 2061 anti·
1375 2072 1376 2075 Ἴ

150 2101 225 2186 quis
261 2101 448 2168 auctoribus
490 2103 668 2185 sumpsisse
702 2102 799 2168 facile
834 2103 906 2183 quis
945 2101 1094 2167 coniciat.
1153 2101 1328 2167 Videamus

150 2227 283 2293 quaeso,
312 2227 445 2291 quorum
474 2210 616 2276 virorum
643 2209 787 2291 vestigia
814 2211 982 2292 praebeat,
1011 2226 1168 2290 quemque
1197 2207 1328 2291 potissi-

150 2335 238 2381 mum
262 2314 409 2381 imitatus
434 2316 487 2381 sit.

244 2421 322 2486 (lum
345 2423 484 2487 Platone
507 2441 569 2487 non
593 2423 698 2487 minus
722 2440 817 2504 quam
841 2443 911 2488 cum
927 2424 1142 2507 Xenophonte
1166 2442 1329 2488 commune

138 2531 255 2595 ,habet
278 2529 535 2612 comparationes
558 2529 634 2594 illas
657 2530 746 2612 regis
770 2549 840 2595 cum
864 2535 1005 2613 pastore,
1028 2534 1139 2613 nauta,
1163 2535 1267 2613 patre.

93 2692 95 2696 Α
246 2634 278 2722 1)
302 2655 332 2719 p.
358 2634 451 2722 48³⁸),
475 2655 505 2719 p.
532 2643 582 2721 53,
607 2637 668 2703 vol.
694 2637 738 2719 Π,
762 2655 793 2719 p.
820 2642 894 2720 neo,
918 2657 948 2720 p.
975 2643 1048 2701 aar.
1098 2635 1131 2722 2)
1155 2654 1186 2719 p.
1209 2642 1250 2701 53
1274 2637 1328 2701 fin.

151 2743 218 2808 vol.
243 2743 287 2826 H,
311 2761 348 2826 p.-
368 2749 441 2808 323.
490 2741 524 2829 3)
547 2762 577 2825 p.
596 2749 644 2834 Ι51
670 2742 713 2807 in.

244 2849 323 2915 (lum
351 2854 488 2932 utroque
516 2850 631 2916 deinde
659 2850 832 2935 consentit,
867 2851 950 2931 quod
985 2849 1213 2915 immoderatos
1244 2849 1330 2916 risus

149 2956 284 3022 admitti
314 2960 416 3039 vetat,
452 2974 515 3038 qua
544 2956 578 3021 in
605 2977 641 3022 11
671 2957 802 3040 propius
833 2956 962 3023 videtur
987 2957 1141 3022 accedere
1165 2957 1207 3021 ad
1223 2957 1330 3022 Xeno-

150 3064 317 3146 phontem.

151 3187 251 3252 Plato
267 3185 340 3251 πολ.
359 3193 422 3252 388
435 3195 466 3250 Ε
486 3177 566 3249 tilla
590 3184 651 3274 μὴν
675 3177 746 3250 οὐδὲ
771 3183 990 3274 φιλογέλωτάς
1012 3208 1048 3270 γε
1071 3185 1119 3251 δεῖ
1142 3183 1225 3251 εἶναι
1246 3184 1330 3272 (scil.

289 3291 413 3378 θεούς).

177 3399 285 3464 Xan.
310 3407 347 3463 K.
372 3399 461 3464 παιδ.
485 3400 577 3484 VIH,
604 3405 632 3483 1,
658 3405 698 3465 33
732 3396 873 3484 ἐπέγνως
903 3391 972 3464 d'c'iv
1001 3397 1067 3464 ἐκεῖ
1089 3390 1199 3464 oddara
1223 3449 1230 3462 .
1257 3449 1264 3463 .
1290 3449 1297 3463 .
1324 3449 1331 3462 .

289 3509 441 3592 χαίροντα
463 3499 637 3592 ὑβριστικῷ
660 3507 784 3591 γέλωτι.

198 3611 264 3678 Dio
286 3631 317 3695 p.
337 3618 376 3678 91
403 3604 482 3676 uitta
514 3611 623 3678 πάντα
646 3611 685 3677 τὰ
710 3621 843 3678 τοιαῦτα
869 3664 875 3676 .
902 3662 908 3676 .
935 3664 942 3676 .
968 3609 1109 3696 ἐκβαλεῖν
1134 3605 1177 3689 ὡς
1204 3636 1333 3698 πορρω-

289 3717 379 3783 τάτω
403 3768 411 3782 .
436 3769 444 3783 .
470 3769 478 3783 .
508 3718 652 3805 γέλωτάς
685 3743 721 3784 τε
753 3711 904 3806 ἄκρατεῑς
935 3720 991 3783 καὶ
1020 3716 1168 3784 τοιούτου
1197 3720 1334 3803 γέλωτος

291 3823 439 3913 ποιητάς.

246 3934 418 3999 Platonem
447 3952 523 4000 vero
552 3922 620 3999 aut'
638 3934 740 3999 solum
763 3939 821 3999 aut
848 3939 937 4000 certe
960 3932 1162 4016 potissimum
1186 3935 1333 3996 sectatur

153 4041 208 4108 his
233 4040 327 4107 locis:

230 4200 258 4270 *)
277 4197 372 4252 Dionis
399 4197 583 4267 Chrysostomi
613 4198 749 4252 orationes
775 4214 808 4253 111
832 4213 886 4252 rec.
922 4197 1019 4253 Jacobi
1044 4195 1146 4252 Reislre
1170 4195 1223 4249 vol.
1248 4195 1271 4249 Ι.
1296 4194 1333 4250 Π.

153 4287 269 4357 Lipsiae
288 4288 365 4341 1784.
