2964 4980
632 386 853 449 „11-

152 581 260 646 Plato.
286 580 358 644 πολ.
383 585 447 645 433
461 586 493 643 A
516 579 570 642 uui
597 577 659 664 μὴν
690 571 741 642 ὅτι
768 601 804 661 γε
834 575 872 642 τὸ
903 575 942 641 τά
973 570 1071 641 αὑτοῦ
1100 575 1254 662 πράττειν
1277 577 1331 641 καὶ

288 686 332 772 μὴ
369 687 650 772 πολυπραγμονεῖν
684 683 867 771 δικαιοσύνη
902 682 980 748 ἐστί.
1039 685 1079 751 cf.
1104 690 1168 749 433
1193 695 1231 748 E.
1290 685 1329 750 of.

289 795 426 859 Aristot.
452 794 524 857 πολ.
550 796 594 877 Π,
621 799 671 876 11,
696 800 725 858 8.

200 901 284 966 Xan.
310 910 347 964 K.
373 900 461 964 παιὸ.
487 902 531 985 H,
558 908 586 984 l,
612 907 650 965 21
677 894 728 963 ὅτι
752 889 841 962 οὗτοι
864 897 1030 984 κράτιστοι
1061 896 1177 962 ἕκαστα
1206 903 1331 984 γίγνον-

290 1032 354 1084 ται,
380 1008 411 1070 οἳ
434 1002 473 1071 άν
495 999 652 1094 αἰγὲμενοι
676 1015 733 1070 τοῦ
756 1006 887 1082 πολλοῖςΙ
911 1010 1079 1092 προσέχειν
1102 1004 1157 1071 τὸν
1180 1015 1251 1070 νοῦν
1275 1003 1331 1070 ἐπὶ

290 1114 322 1177 ἓν
346 1111 436 1199 ἔργον
481 1113 679 1199 τράπωνται.
727 1114 767 1179 of.
796 1114 885 1197 VIII,
911 1121 940 1197 2,
966 1120 984 1178 5
1010 1133 1034 1178 S.

247 1221 430 1287 Similitudo
447 1224 605 1302 quaedam
622 1241 716 1302 porro
740 1221 914 1286 intercedit
930 1220 1017 1286 inter
1033 1221 1118 1285 Plat.
1138 1221 1210 1283 πολ.
1229 1227 1291 1285 506
1305 1229 1334 1284 B

154 1325 333 1415 ἐπιστήμην
366 1327 402 1392 τὸ
433 1321 561 1412 άγαθὸν
593 1327 656 1415 (γης
684 1324 765 1392 εἶναι
794 1323 813 1415 ἢ
843 1321 967 1414 ηὸονηνς
1013 1334 1047 1392 et
1070 1329 1153 1392 Xen.
1179 1335 1216 1390 K.
1242 1326 1329 1391 παιδ.

154 1436 217 1518 ΙΙΙ,
245 1442 272 1518 1,
299 1442 337 1506 17
367 1434 509 1521 πάθημα
532 1428 594 1520 άρα
619 1443 672 1522 της
699 1443 798 1522 ψυχῆς
829 1433 867 1497 σύ
891 1435 993 1519 λέγεις1
1016 1430 1097 1498 εἶναι
1122 1432 1176 1520 τὴν
1200 1454 1331 1520 σιοιγρο·

154 1539 252 1628 σάνην
276 1536 386 1627 ὥσπερ
408 1541 520 1628 λύπην,
546 1534 581 1605 οὐ
604 1542 760 1628 μάθημα;

246 1651 313 1714 Νοο
336 1649 440 1714 minus
465 1649 588 1714 similes
613 1657 689 1715 sunt
712 1649 850 1714 Aristot.
876 1649 948 1712 πολ.
973 1650 1035 1732 ΙΠ,
1062 1655 1112 1731 16,
1138 1656 1156 1713 9
1182 1646 1255 1712 ἐπεὶ
1278 1649 1332 1712 καὶ

153 1763 209 1818 νῦν
234 1747 426 1841 ὀφθαλμοὺς
450 1755 480 1819 οἱ
503 1754 659 1840 μονάρχαι
683 1765 833 1820 ποιοοσιν
849 1749 958 1831 αὐτοῖς
981 1756 1036 1819 καὶ
1060 1743 1128 1818 ὦτα
1148 1755 1202 1818 καὶ
1223 1766 1332 1842 χεῖρας

152 1862 210 1925 καὶ
237 1861 347 1940 πόδας,
372 1862 446 1939 τοὺς
469 1862 529 1948 γὰρ
552 1872 590 1949 τη
614 1855 693 1949 α’ργη
716 1864 770 1926 καὶ
794 1855 891 1926 αὐτοῦ
916 1863 1029 1950 φίλους
1058 1872 1226 1926 ποιοῦνται
1257 1883 1331 1926 σνν-

153 1967 272 2053 άρχοος
317 1974 351 2035 et
381 1971 464 2035 Xen.
490 1979 527 2034 Κ.
552 1969 641 2034 παιὸ.
667 1971 759 2054 VIII,
784 1978 813 2054 2,
841 1977 881 2034 10
911 1962 954 2045 ὡς
983 1971 1036 2033 καὶ
1072 1969 1146 2046 τοὺς
1176 1970 1332 2053 βασιλέως

154 2075 405 2163 καλουμένοοςῦ)
424 2069 616 2164 ὀφθαλμοὺς
632 2077 686 2140 καὶ
708 2076 748 2140 τά
771 2078 927 2159 βασιλέως
951 2064 1019 2140 ὦτα
1036 2069 1092 2140 οὐκ
1114 2071 1217 2153 άλλως
1241 2073 1332 2140 ἐκτά-

154 2175 237 2246 σατο
260 2177 279 2270 ἢ
302 2192 347 2268 τη)
372 2183 550 2269 δωρεῖσθαί
573 2208 608 2248 τε
631 2185 685 2248 καὶ
709 2193 814 2267 τιμάν.
862 2184 902 2250 uf.
929 2191 957 2267 2,
985 2191 1023 2249 11
1050 2204 1075 2249 S.
1102 2193 1131 2267 6,
1159 2192 1208 2249 16.

246 2291 394 2371 Apparet
430 2291 530 2372 igitur
563 2293 629 2357 iam
663 2291 907 2372 antiquissimos
944 2291 1038 2356 huius
1073 2291 1122 2356 rei
1155 2291 1331 2372 scriptores

154 2397 260 2462 multa
283 2397 436 2462 exhibere
461 2398 648 2481 communia,
672 2399 720 2463 ita
744 2404 866 2464 utnon
890 2417 1016 2480 semper
1040 2404 1128 2464 certe
1156 2397 1262 2480 possit
1285 2399 1330 2462 di-

153 2504 303 2588 iudicari,
339 2523 508 2586 quemnam
543 2525 650 2571 eorum
685 2505 738 2570 hic
773 2507 825 2572 vel
859 2506 914 2570 ille
943 2505 1219 2586 eposterioribus
1255 2509 1331 2570 ante

154 2612 266 2677 oculos
290 2613 450 2678 habuerit.

246 2719 339 2783 Inter
362 2738 441 2802 quos
465 2719 587 2800 primus
611 2721 650 2785 de
674 2721 736 2785 hac
758 2740 794 2785 re
818 2719 887 2801 egit

566 3024 596 3088 Ι.
624 3022 731 3088 Philo
755 3023 921 3090 iudaeus.

247 3163 310 3246 Qui
340 3152 437 3229 tertio
467 3169 545 3230 ante
569 3166 643 3230 Chr.
669 3167 824 3231 decennio
848 3166 1069 3232 Alexandriae
1100 3172 1197 3231 natus
1229 3167 1331 3232 Grae-

151 3289 264 3336 corum
288 3290 351 3335 non
376 3271 480 3336 minus
505 3291 601 3354 quarn
616 3274 814 3339 Judaeorum
838 3273 959 3338 litteris
982 3273 1125 3338 imbutus
1146 3280 1180 3338 et
1204 3273 1332 3338 deditus

151 3376 228 3441 fuit.
262 3377 401 3458 Scripsit
417 3385 526 3443 autem
549 3381 718 3462 permulta,
743 3380 973 3462 philosophica,
998 3381 1141 3463 politica,
1164 3380 1330 3445 historica.

151 3485 264 3564 Atque
288 3484 321 3549 id
345 3504 465 3551 summo
491 3486 596 3551 studio
622 3493 766 3552 sectatus
790 3493 851 3569 est,
882 3492 919 3552 ut
942 3489 1180 3552 demonstraret
1204 3493 1331 3552 sancto-

151 3610 227 3655 rum
250 3590 404 3656 librorum
426 3600 602 3674 praecepta
627 3593 745 3658 similia
766 3594 819 3659 vel
842 3595 956 3658 eadem
979 3613 1051 3659 esse
1076 3600 1173 3675 atque
1191 3595 1331 3659 Graeco-

227 3841 254 3906 *)
273 3841 456 3893 annotandum
476 3847 518 3894 est
536 3841 675 3894 ministros
693 3858 789 3909 regum
803 3843 953 3906 Persarum,
973 3841 1019 3907 qui
1039 3856 1213 3906 quaecunque
1231 3841 1332 3906 ubique

149 3933 319 3996 gererentur
344 3929 460 3996 principi
478 3931 625 3995 deferrent,
645 3921 808 4000 ὀφθαλμοὺς
831 3936 859 3982 et
878 3922 1051 3989 ὠτακουστὰς
1076 3929 1209 3996 appellari
1236 3928 1330 3982 solitos

149 4032 222 4071 esse.
255 4015 290 4069 cf.
309 4017 408 4072 Suidae
421 4020 518 4072 verba:
538 4010 684 4089 οφθαλμὸς
703 4022 831 4088 βασιλέως
845 4011 906 4073 cirri
927 4026 974 4073 τοῦ
991 4020 1065 4089 μέγα
1083 4014 1236 4088 ιλόνάμενος
1256 4014 1329 4087 παρὰ

147 4109 266 4176 βασιλεῖ.
288 4102 356 4160 σάτον
369 4107 398 4160 dl
413 4105 529 4162 ἐκάλουν
551 4105 612 4168 τοὺς
631 4105 778 4179 σατράπας,
798 4111 825 4162 di
838 4097 876 4162 άιν
895 4104 985 4162 πάντα
1005 4108 1019 4159 ὁ
1038 4105 1164 4178 βασιλεὺς
1179 4105 1328 4168 ἐπισκοποῖ,

148 4195 187 4256 nic
213 4197 344 4264 βασιλέως
369 4187 423 4251 ὦτα
450 4195 512 4256 τοὺς
535 4189 714 4258 ὥτακοοστάς,
741 4200 766 4251 di
791 4186 828 4250 ὧν
854 4189 950 4250 ιῖκοάει
978 4193 1010 4250 τὰ
1031 4191 1206 4267 πραττόμενα
1227 4190 1329 4267 ἑκάστῳ

148 4290 304 4355 πανταχοῦ.
342 4285 442 4339 Herod.
461 4287 482 4352 Ι,
504 4288 562 4340 114.
599 4287 725 4353 Aeschyl.
745 4288 818 4340 Pers
846 4288 887 4340 ed.
907 4285 1039 4339 Kirchoffi
1058 4303 1082 4338 v.
1103 4288 1162 4338 957.
1192 4284 1329 4350 Aristoph.

147 4373 274 4428 Acharn.
293 4389 319 4427 v.
339 4376 371 4428 91
391 4391 413 4429 s.
