2964 4980
721 413 943 474 ..2ss-

246 601 331 666 Plut.
356 619 387 684 p.
415 607 476 667 149
502 595 584 666 οῧτω
608 601 643 689 (1η
667 601 781 684 σεμνόν
805 600 873 668 ἐστι
897 609 1016 686 θέαμα.

292 711 330 774 D.
348 728 378 791 p.
398 716 438 775 55
463 713 495 773 τί
517 709 575 790 μὲν
598 710 659 798 γὰρ
681 710 870 798 σεμνότερον
892 717 1020 795 θέαμας

248 815 343 881 Pluto
366 835 397 898 p.
425 822 487 881 198
511 818 564 883 fin.
598 810 615 882 ὁ
645 817 678 881 δὲ
712 817 878 894 πολιτικὸς
912 816 944 883 ἐν
979 817 1082 883 ἑαυτοῦ
1114 819 1172 902 μὲν
1207 813 1333 909 ὀφείλει
1369 822 1424 889 τὸν

380 927 577 1010 κυβερνῶντα
610 933 684 989 νοῦν
718 923 809 1006 ἔχειν,
846 923 878 990 ἐν
913 924 1015 1012 ἑαυτηῖ
1043 925 1076 990 δὲ
1106 925 1161 993 τὸν
1185 925 1424 1012 ἐγκελευόμενον

380 1028 483 1114 λόγω.

293 1139 333 1202 D.
357 1157 388 1218 p.
416 1143 477 1202 165
502 1140 583 1205 med.
610 1132 682 1203 ὅδὲ
705 1138 786 1216 ἴδιος
809 1138 944 1204 ἑκάστου
971 1149 1044 1217 νοῦς
1078 1131 1170 1218 οὗτος
1201 1139 1269 1207 ἐστι
1300 1143 1426 1226 δαίμων

382 1252 439 1308 τοῦ
463 1242 588 1326 ἔχοντος
610 1238 732 1333 ἇνόρός.

250 1351 335 1416 Plut.
360 1370 390 1434 p.
410 1357 474 1417 244
493 1353 536 1418 in.
561 1353 615 1417 καὶ
639 1355 733 1441 φίλον
757 1352 838 1436 ’ἐχειν
861 1347 913 1419 αἐί
936 1380 1007 1420 τινα
1031 1407 1038 1421 .
1065 1407 1072 1420 .
1098 1409 1104 1421 .
1131 1353 1241 1445 ὥσπερ
1264 1356 1344 1444 ἕρμα
1368 1368 1426 1447 της

384 1461 551 1537 πολιτείας
572 1466 709 1544 βέβαιον.
742 1469 776 1528 et
790 1482 821 1545 p.
840 1471 903 1528 268
920 1464 963 1529 in.
990 1458 1039 1528 ὅτι
1063 1464 1144 1551 πρὸς
1159 1465 1233 1542 τοὺς
1247 1465 1426 1548 βασκάνους

383 1568 438 1631 καὶ
471 1567 628 1654 πονηροὺς
663 1563 760 1634 ὅπλον
795 1563 813 1658 η
847 1569 935 1656 παρὰ
971 1579 1035 1636 τῶν
1064 1573 1191 1637 πολλῶν
1220 1566 1327 1638 εὔνοια
1356 1585 1427 1651 τοῖς

384 1665 526 1758 ἅγαθοῖς
550 1673 645 1742 ἐστιν.

296 1783 335 1847 D.
353 1801 383 1865 p.
403 1788 445 1847 54
460 1784 541 1848 med.
566 1787 616 1860 τίς
639 1783 672 1848 (λε
697 1785 829 1872 φρουροί,
853 1795 934 1849 ποῖα
958 1783 1027 1849 δὲ’
1014 1785 1166 1872 ερύματα,
1190 1798 1271 1850 ποῖα
1291 1781 1350 1851 δε(
1341 1783 1427 1851 σ’πλα

384 1888 570 1975 βεβαιότερα
592 1891 646 1954 καὶ
669 1896 783 1977 κρείτω
807 1901 862 1980 της
885 1884 953 1957 απὸ
979 1916 1044 1958 των
1068 1886 1241 1959 ευνούντων
1260 1895 1427 2019 φυλακηςς

253 1998 338 2063 Plut.
368 2017 399 2080 p.
427 2003 489 2063 120
519 2002 569 2075 τίς
600 1987 654 2062 οὖν
683 1991 771 2084 ἄρξει
800 2006 859 2062 τοῦ
881 1993 1049 2086 ἅρχοντοςς
1079 1994 1224 2083 ὃνόμσς,
1255 1995 1428 2065 ὁπαντων

384 2103 542 2186 βασιλεύς.

297 2214 337 2277 D.
367 2231 398 2294 p.
430 2217 494 2276 114
523 2204 540 2276 ὁ
570 2211 602 2275 δὲ
630 2211 726 2295 νόμος
753 2214 909 2295 βασιλέως
935 2211 1046 2297 δόγμα.
1094 2214 1133 2280 cf.
1158 2216 1243 2281 Xen.
1267 2218 1310 2280 K.
1335 2214 1426 2278 παιδ.

386 2320 532 2403 1,3,17
558 2338 583 2384 s.

254 2425 339 2491 Plut.
365 2444 395 2508 p.
423 2432 484 2490 129
508 2431 704 2508 μιμουμένου
727 2425 781 2492 τὸν
804 2422 891 2515 η’λιον
913 2435 970 2490 τοῦ
994 2420 1152 2513 ἄρχοντος.

296 2535 336 2600 D.
361 2552 391 2616 p.
420 2540 481 2599 128
509 2540 689 2616 μιμεῖσθαι
723 2533 778 2621 την
811 2532 930 2598 ἐκείνου
954 2531 1037 2618 (scil.
1067 2543 1123 2597 του
1158 2526 1260 2621 ἡλίου)
1295 2532 1431 2618 δύναμιν

386 2641 441 2705 καὶ
466 2642 727 2728 φιλανθρωπίαν.

254 2748 339 2813 Plut.
364 2769 395 2830 p.
423 2755 485 2813 122
508 2748 562 2813 fin.
595 2747 669 2824 τοὺς
703 2748 736 2812 δὲ
769 2748 825 2835 τὴν
859 2741 974 2836 α’ρετην
1008 2748 1176 2835 ζηλοῦντας
1210 2741 1309 2812 αὐτοῦ
1343 2747 1430 2833 (scil.

386 2855 483 2941 θεοῦ)
499 2856 553 2919 καὶ
576 2853 657 2941 πρὸς
680 2854 717 2920 τὸ
740 2854 834 2920 καλὸν
856 2857 910 2919 καὶ
935 2855 1171 2943 φιλάνθρωπον
1189 2847 1433 2942 ἀφομοιοῦντας

388 2960 519 3039 ἑαυτοὺς
542 2955 693 3044 ίδόμενος
717 2956 814 3040 αὔξει.

299 3072 338 3136 D.
362 3091 391 3154 p.
411 3076 451 3136 56
475 3072 518 3136 in.
545 3068 579 3136 ὃν
603 3070 687 3157 (scil.
701 3069 795 3157 θεόν)
816 3069 875 3157 χρὴ
896 3074 1109 3152 μιμουμένους
1132 3060 1184 3133 ἇεὶ
1199 3066 1274 3144 τοὺς
1289 3066 1433 3155 θνητοὺς

388 3179 443 3241 καὶ
472 3178 511 3243 τὰ
536 3184 665 3266 θνητων
694 3179 863 3254 διέποντας
887 3177 1118 3258 ἐπιμελεῖσθαι
1140 3173 1222 3263 πρὸς
1245 3172 1364 3239 ἐκείνω
1389 3167 1434 3253 ὡς

389 3284 519 3350 δυνατόν
549 3283 635 3351 ἐστιν
664 3277 859 3361 εὐθύνοντας
886 3285 939 3349 καὶ
970 3277 1210 3372 οἷιγομσιοῠντας
1241 3280 1296 3347 τὸν
1324 3274 1434 3347 αὖτιῦν

390 3392 520 3479 τρόπον
567 3394 607 3460 of
632 3393 781 3459 Platonis
804 3393 876 3457 πολ.
903 3394 1029 3458 613A

258 3503 343 3568 Plut.
373 3524 404 3585 p.
432 3506 494 3566 142
522 3501 565 3566 in.
601 3493 620 3587 ἡ
653 3501 802 3565 πολιτεία
836 3500 927 3563 καλλί
916 3504 1006 3574 ίστας
1040 3496 1098 3579 μὲν
1132 3489 1287 3586 ἡδονὰς)
1278 3493 1342 3576 ε’χει
1379 3520 1435 3560 και

390 3613 609 3692 μεᾋγίστας.
635 3632 762 3670 ,αυται
785 3606 818 3671 δέ
842 3606 933 3685 εἰσιν,
958 3631 997 3681 ας
1020 3605 1057 3668 τὸ
1080 3629 1114 3668 ευ
1138 3614 1245 3668 ποιεῖν
1260 3602 1314 3666 καὶ
1337 3603 1436 3668 καλον

391 3740 424 3779 τι
446 3715 601 3800 πράττειν
624 3705 716 3779 αναόί
717 3714 822 3779 ὁωσιν.

303 3824 343 3888 D.
367 3842 398 3903 p.
427 3828 465 3886 51
491 3823 545 3885 καὶ
568 3826 674 3886 τοίνυν
697 3813 868 3908 εὐεργετοῦν
891 3816 999 3907 ἥδεται
1022 3820 1125 3884 πλείω
1155 3827 1219 3883 των
1249 3807 1436 3902 εὐεργετου-

392 3934 495 4012 μένων
518 3931 572 3994 καὶ
594 3929 691 4016 μόνης
714 3930 830 4016 ταύτης
853 3938 908 4017 της
931 3921 1040 4015 ἡδονῆς
1064 3924 1150 3991 ἐστιν
1173 3917 1356 4011 α’κόρεστος.

260 4040 346 4103 Plut.
370 4056 401 4119 p.
427 4045 491 4103 222
515 4038 569 4104 fin.
595 4035 628 4101 ἐκ
651 4043 839 4122 περιουσίας
861 4041 995 4122 βοηθεῖν
1017 4046 1086 4109 τοῖς
1115 4033 1223 4120 φίλοις
1251 4031 1305 4094 καὶ
1334 4035 1438 4116 παρί-

394 4150 540 4210 στασθαι
564 4147 618 4209 καὶ
641 4155 845 4210 συνεκπονεῖν
868 4137 950 4228 ὑπὲρ
973 4134 1086 4206 αὐτῶν.

305 4259 345 4322 D.
370 4274 400 4337 p.
429 4260 490 4320 135
516 4247 532 4317 ὁ
555 4265 623 4330 τοῖς
648 4254 756 4341 φίλοις
778 4250 964 4333 μεταδιδοὺς
987 4259 1050 4314 των
1074 4247 1251 4334 παρόντων.

306 4365 346 4435 of.
372 4363 454 4428 Xen.
480 4370 517 4425 Κ.
542 4360 631 4425 παιὸ.
656 4362 681 4444 I,
707 4367 736 4444 5,
763 4365 804 4424 14
832 4363 865 4422 τί
889 4407 896 4421 .
923 4408 929 4420 .
957 4408 963 4422 .
988 4367 1044 4422 τοῦ
1075 4367 1143 4432 τοῑς
1172 4353 1279 4441 φίλοις
1306 4343 1441 4438 αἷρηγειν

395 4470 539 4552 κάλλιον,·
