2964 4980
626 382 844 441 ...59-

152 574 184 638 S.
211 593 279 655 cap.
307 582 347 638 26
372 576 399 638 Β
424 565 519 637 πάντ’
544 571 664 661 ἐφορᾶν
686 573 741 635 καὶ
764 563 860 637 πάντ’
885 569 1063 637 ἐπακούειν.

197 683 256 744 Th.
281 702 311 762 p.
340 687 438 746 ma
462 673 557 744 πάντ’
582 678 702 768 ἐφορᾷς
724 680 779 743 καὶ
802 670 898 743 πάντ’
923 676 1101 755 ἐπακούεις.

152 786 184 851 S.
210 807 278 868 cap.
307 795 347 852 26
372 786 406 872 (ξ
431 787 533 872 27)Α
556 788 610 851 καὶ
634 785 790 852 ἐπιδώσει
806 795 875 861 τοῖς
890 777 1122 871 ἀπορουμένοις
1138 795 1202 849 τοῖν
1218 784 1323 870 δήμιον

283 895 336 957 καὶ
353 886 462 980 άνήσει
478 894 685 979 λειτουργιῶν
700 891 776 969 τούς
791 892 894 957 πάλαι
909 893 1121 978 λειτουργίαις
1137 901 1322 968 πονοῦντας.

196 1003 256 1066 Th.
282 1023 311 1083 p.
340 1007 401 1066 113
426 1021 443 1066 ε
472 1001 523 1063 σοί
553 1000 585 1064 δὲ
614 999 643 1064 εί
666 999 747 1063 κατὰ
771 998 897 1086 χνιύμήν
920 998 1060 1082 ἐκβαίνοι
1082 997 1122 1062 τά
1146 1003 1246 1084 μέτρα
1268 1008 1325 1085 τής

285 1105 451 1183 ἐπανόδου,
478 1104 512 1182 ἐξ
525 1099 674 1192 ἡμισείας
690 1105 737 1182 εἰς
753 1110 854 1170 νέωτα
869 1105 1142 1192 λειτουργήσομεν.
1177 1128 1208 1188 p.
1229 1112 1289 1170 112
1307 1124 1325 1170 c

286 1211 359 1289 τούς
383 1211 507 1276 ἐλάττω
530 1221 587 1276 τοῦ
611 1213 770 1299 συνήθους
794 1211 1092 1297 εἰσπραττομένους.

151 1320 183 1384 S.
209 1340 277 1401 (zap.
305 1321 391 1385 28A
416 1319 672 1400 συνεσταλμένων
697 1307 750 1383 σύν
773 1312 861 1404 αύτρῖ
885 1329 949 1383 των
974 1312 1026 1406 ἐφ’
1050 1318 1070 1383 ἃ
1095 1320 1142 1384 δεῖ
1165 1329 1324 1405 περιττῶν

284 1419 372 1490 ούδέν
406 1426 462 1490 δεῖ.
503 1425 624 1490 τούτων
660 1424 762 1502 ἐξεστι
797 1431 949 1510 γίνεσθαι
974 1426 1128 1514 ποριστὴν
1159 1419 1323 1490 άλυπύτα-

283 1558 346 1611 τον,
378 1532 417 1596 τὰ
446 1533 504 1614 μὲν
533 1525 690 1617 άναχκαῖα
720 1542 784 1597 τοῖν
812 1531 1031 1616 ἐλλειμμάτων
1059 1527 1196 1611 άνιέντα,
1225 1532 1265 1597 τά
1291 1532 1324 1597 δὲ

282 1639 447 1725 σύμμετρα
470 1650 542 1716 ταῖς
565 1649 630 1704 τιῦν
654 1638 869 1726 εἰσφερόντων
893 1640 1062 1722 δυνάμεσιν
1085 1633 1272 1724 άχαπωντα.

196 1749 255 1812 Th.
280 1769 310 1828 p.
339 1753 400 1812 112
417 1749 438 1812 b
462 1747 633 1830 λαμβάνειν
649 1772 684 1811 τε
701 1743 760 1810 ὅσα
777 1748 894 1812 δεῖκαὶ
917 1739 1097 1812 άναλίσκειν
1121 1747 1167 1824 εἰς
1183 1746 1202 1810 δ
1221 1767 1323 1832 προσ-

283 1853 360 1939 ήκει.

152 1979 184 2042 S.
210 1998 279 2059 cap.
303 1981 391 2047 127ss
427 1979 481 2042 καὶ
504 1977 633 2063 πρωτόν
657 2002 692 2063 χε
728 1977 955 2061 ἐπιτετάχθων
986 1981 1039 2043 καὶ
1067 1979 1263 2061 δεδιδάχθων
1292 1979 1321 2043 οῖ

284 2095 481 2171 στρατιωται
514 2085 690 2172 φείδεσθαί
717 2110 752 2150 τε
782 2087 836 2149 καὶ
864 2081 978 2172 ήκιστα
1005 2087 1140 2172 λυπηροὶ
1171 2091 1323 2171 γίνεσθαι

283 2203 352 2268 τοῖς
379 2184 575 2269 άστυπύλοις
604 2216 639 2256 τε
669 2193 723 2255 καὶ
746 2184 970 2278 άχροδιαίτοις.
1018 2214 1087 2275 cap.
1114 2201 1154 2259 27
1180 2195 1203 2260 Ο
1234 2189 1323 2270 ὅστις

283 2287 336 2363 σύν
361 2323 435 2380 εμου
459 2324 514 2365 τον
536 2299 595 2381 μὲν
621 2291 800 2386 άλλόφυλον
828 2297 946 2386 ἐχθρὸν
972 2292 1135 2386 άπερύκει,
1166 2293 1261 2376 αύτδς
1290 2300 1322 2364 δὲ

282 2397 318 2470 ού
352 2405 467 2491 μέτριά
503 2432 558 2488 μοι
590 2415 713 2494 χρήται.
772 2413 806 2472 et
840 2407 928 2473 infra
967 2406 1213 2471 πεπαιδευσθαι
1251 2406 1324 2484 τούς

283 2512 483 2597 στρατιώτας
521 2519 589 2589 τοῖς
622 2505 757 2588 άύπλοις
792 2506 836 2589 ὠς
869 2506 1020 2600 άδελφοῖς
1051 2517 1204 2601 χρῆσθαι,
1240 2512 1322 2595 μόνα

284 2624 473 2705 φερομένους
496 2615 556 2684 ὅσα
580 2618 772 2705 ἐτάχθησαν.

193 2728 252 2791 Th.
278 2747 308 2807 p.
337 2733 436 2792 115a
459 2728 512 2790 καὶ
535 2726 609 2790 τότε
632 2724 835 2812 αἰσθήσομαι
859 2735 922 2790 ταῖν
940 2727 1093 2814 λαφύρων
1120 2736 1183 2790 των
1200 2733 1321 2791 Σκυθι-

280 2840 354 2910 κων,
379 2828 454 2897 ὅταν
476 2833 586 2919 μηδεὶς
610 2831 648 2896 τὰ
673 2831 733 2914 ἐμά
757 2832 885 2920 λάφυρα
913 2844 1055 2922 ποιῆται.
1102 2856 1133 2916 p.
1161 2841 1222 2900 115
1247 2856 1265 2901 υ
1293 2832 1321 2897 εί

279 2940 414 3019 χαλεποί
437 2939 599 3023 χευάμενοι
629 2950 696 3016 τοῖς
718 2939 888 3026 βαρβάροις
915 2940 960 3027 μή
987 2941 1057 3005 λίαν
1085 2929 1164 3026 ἦσαν
1191 2940 1321 3026 χρηστοὶ

281 3045 362 3131 πρὸς
386 3045 458 3121 τούς
481 3039 647 3132 ύπήκύους.

148 3172 225 3253 Syn.
252 3192 321 3252 cap.
353 3171 438 3235 1οΑ
468 3157 501 3233 εύ
530 3168 591 3256 γὰρ
618 3169 695 3234 ἰ’σθι
722 3180 824 3248 τοῦτο,
855 3165 898 3248 ὡς
926 3163 981 3252 ούχ
1009 3164 1132 3238 άτιλούν
1163 3195 1195 3234 τι
1216 3178 1320 3257 χρῆμα

280 3270 350 3343 ούδέ
372 3275 530 3358 μονοειδὲς
553 3270 748 3363 ύῖνθρωπως.
797 3298 865 3359 cap.
895 3284 934 3343 10
957 3281 984 3344 Β
1005 3261 1055 3342 Ιἐ’νι
1072 3277 1104 3343 δέ
1121 3303 1170 3353 τις
1194 3270 1212 3362 ή
1239 3281 1320 3363 μέση

281 3383 332 3446 διὰ
357 3381 488 3448 πάντων
513 3383 612 3470 φύσις
634 3382 670 3470 (ήν
693 3393 764 3450 νοῦν
787 3385 950 3466 καλοῦμεν,
976 3382 1011 3450 ὃν
1034 3377 1114 3462 άξιοῖ
1141 3383 1320 3468 βασιλεύειν

281 3488 312 3554 ἐν
335 3500 373 3576 τή
397 3499 451 3556 τοῦ
474 3490 631 3573 βασιλέως
657 3500 750 3577 ψυχή,
775 3490 831 3576 τήν
855 3484 1057 3577 δχλοκρατίαν
1085 3516 1120 3555 τε
1143 3491 1196 3553 καὶ
1224 3489 1319 3576 δήμο-

279 3601 410 3682 κρατίαν
433 3605 497 3660 τῶν
520 3601 642 3660 παθων
666 3596 866 3663 διαλύσαντα.
891 3590 952 3684 άφ)
969 3597 1076 3673 ἑστίας
1099 3595 1159 3682 γάρ
1175 3592 1214 3660 δν
1230 3585 1320 3673 οὗτος

279 3705 477 3786 βασιλεύσειε
505 3714 543 3790 τῇ
573 3702 654 3766 κατὰ
684 3703 782 3792 φύσιν
809 3696 890 3791 άρχή
919 3714 974 3792 τῆς
1006 3699 1172 3792 ἡγεμονίας
1199 3703 1318 3789 χρήσά-

279 3834 380 3891 μενος.
428 3831 497 3893 cap.
526 3817 563 3876 11
589 3811 633 3876 in.
669 3809 725 3875 τδν
759 3820 829 3877 νοεῖν
864 3809 1081 3896 ἐπιστήσαντα
1116 3819 1162 3896 τιχῖ
1186 3815 1318 3894 σονοίκφ

281 3922 397 4003 θήρίφ.

191 4027 301 4090 Them.
328 4045 357 4105 p.
385 4030 425 4090 35
444 4046 463 4090 a
487 4026 632 4091 ποικίλον
655 4024 717 4111 γάρ
739 4050 801 4092 που
825 4025 878 4088 καὶ
902 4024 1055 4104 πολύχουν
1075 4033 1180 4109 χρῆμα
1199 4017 1218 4110 ή
1237 4021 1319 4108 ψυχή

280 4123 430 4216 ὥσπερὴ
459 4129 561 4206 πόλις.
610 4153 639 4213 p.
666 4135 744 4197 35b
768 4142 832 4196 ταῖν
854 4131 912 4212 μὲν
940 4130 976 4216 δή
999 4123 1102 4194 άλλων
1132 4123 1318 4215 άνθριύπων

279 4232 298 4319 ἢ
322 4237 564 4324 δήμοκρατεῖται
593 4232 612 4324 ή
643 4236 727 4324 ψυχή
753 4234 772 4324 ἢ
795 4230 1010 4324 δλιχαρχεῖται
1041 4233 1060 4323 ἢ
1087 4235 1317 4323 τυραννεύεται.

279 4366 308 4425 p.
336 4350 376 4408 35
401 4363 419 4408 ε
441 4341 538 4424 μάνου
562 4343 595 4407 δέ
618 4353 673 4410 τοῦ
698 4344 878 4431 φιλοσόφου
900 4342 1102 4427 βασιλεύεται
1123 4337 1140 4408 r‘
1159 4341 1243 4429 ψυχή
1265 4343 1319 4407 καὶ
