2964 4980
743 282 963 350 *36-

312 464 539 562 Μήιον,
566 484 615 543 10.
659 484 785 562 11,11.
832 481 895 547 nio
918 501 948 565 p.
975 489 1026 549 55.
1068 504 1099 568 p.
1127 491 1188 552 reo
1219 485 1327 573 (huus
1358 487 1442 574 usp.

401 605 430 669 p.
456 591 495 651 21
522 584 628 671 med).
881 659 883 677 ζ

268 695 378 759 'Phene
403 713 434 776 p.
462 699 561 759 liba
584 692 613 756 εἰ
636 692 775 780 νικήσειε
798 695 906 780 πολλοὶ
930 695 985 761 τὸν
1008 686 1042 762 εὗ
1066 698 1255 785 ποιήσαντα.

311 802 394 867 Xan.
412 809 450 864 K.
468 800 556 866 παιό.
574 801 612 885 V,
633 807 659 885 1,
677 806 720 867 24
743 795 793 865 ὅτι
816 802 870 866 καὶ
894 802 968 880 τοὺς
991 793 1024 868 οὗ
1048 816 1222 885 ποιοῦντας
1245 809 1443 897 πειρώμεθα

400 917 489 973 νικᾶν
513 896 546 972 εὖ
570 917 747 985 ποιοῦντες.
795 909 835 976 cf.
854 910 891 995 V,
912 918 939 995 1,
966 919 1016 978 29.
1045 915 1080 998 V,
1105 921 1132 998 l,
1158 922 1199 980 32
1223 915 1298 993 τοὺς
1320 909 1442 1005 δὀὗερ-

399 1021 569 1100 γενοῦννας
584 1008 727 1100 οἷγαθοῖς
740 1009 1020 1103 ὑπερβαλλόμενοι.
1050 1013 1201 1109 cimmo.
1220 1029 1249 1108 9,
1268 1031 1296 1089 7.
1318 1031 1367 1110 11,
1388 1033 1440 1092 14.

266 1126 294 1190 E
319 1124 489 1190 Plutarchi
511 1143 541 1206 p.
569 1130 631 1189 122
666 1115 860 1208 ιῖγαλμοὶτιον
882 1124 920 1189 τὸ
943 1120 1071 1212 ἥδιστον
1095 1121 1241 1216 ὀφθῆναι
1271 1132 1325 1195 καὶ
1358 1138 1441 1197 {teo-

399 1235 622 1318 πρεπέσναιον

308 1340 419 1406 hausit
444 1340 554 1404 Thcm.
579 1359 609 1421 p.
635 1341 692 1405 ab
725 1327 816 1415 οὗτος
844 1332 973 1424 ἄγαλμα
1004 1350 1061 1406 τοῦ
1092 1348 1174 1407 θεοῦ
1205 1336 1354 1430 οἷκέραιον
1384 1348 1441 1411 καὶ

398 1440 573 1534 ὁλόκληρον.

169 1665 171 1669 ¹
354 1576 514 1641 Summam
538 1574 602 1639 iam
627 1574 763 1640 tractati
788 1575 960 1640 Themistii
987 1575 1146 1644 facientes
1178 1581 1440 1648 contenderimus

263 1688 395 1766 praeter
419 1688 544 1748 ceteros
569 1683 831 1763 chrysostomum
856 1688 934 1748 ante
962 1685 1070 1749 oculos
1102 1685 1132 1750 ei
1156 1693 1322 1752 versatum
1354 1707 1440 1772 esse,

264 1790 328 1855 etsi
358 1809 417 1855 nec
448 1791 616 1855 Platonem
646 1808 705 1854 nec
736 1790 981 1871 Xenophontem
1015 1810 1074 1856 nec
1103 1793 1309 1858 Plutarchum
1339 1796 1440 1875 plane

263 1897 454 1980 neglexerit.

688 2200 747 2266 VI.
775 2202 826 2267 De
850 2200 1007 2267 Libanio.

350 2341 546 2428 Libaniush
570 2341 763 2408 Antiochiae
787 2362 870 2408 anno
895 2343 1055 2409 cccxlv
1078 2350 1175 2410 natus
1198 2345 1320 2426 primas
1344 2345 1437 2412 litte·

261 2470 316 2516 ras
349 2456 443 2532 patre
472 2454 596 2514 mortuo
626 2469 647 2513 a
677 2449 819 2515 Zenobio
850 2451 980 2514 rhetore
1012 2450 1125 2516 didicit
1149 2456 1183 2516 et
1205 2452 1308 2517 XXH
1331 2473 1437 2519 annos

261 2564 358 2623 natus
381 2558 530 2623 Athenas
553 2556 644 2622 venit
668 2561 881 2639 quattuorque
904 2576 962 2640 per
986 2576 1087 2623 annos
1111 2558 1314 2639 antiquorum
1330 2561 1436 2642 operi-

259 2666 320 2730 bus
357 2663 599 2747 pertractandis
642 2663 781 2728 animum
817 2664 966 2730 excoluit.
1018 2663 1111 2729 Anno
1143 2665 1284 2731 dccxi
1317 2667 1437 2732 deinde

259 2771 457 2852 Byzantium
480 2775 616 2836 vocatus
640 2775 693 2835 est
714 2771 823 2851 ibique
847 2790 965 2852 magna
989 2790 1058 2836 cum
1090 2770 1303 2836 admiratione
1332 2772 1436 2837 homi-

259 2897 334 2942 num
357 2878 489 2943 litteras
506 2878 622 2943 docuit.
655 2876 860 2943 Inimicorum
877 2877 959 2943 dolis
975 2897 1048 2941 mox
1065 2876 1139 2941 exul
1156 2876 1262 2942 factus
1278 2877 1437 2944 Nicaeam

260 3004 294 3050 se
326 2984 472 3066 eontulit,
502 2984 556 3049 ubi
585 2985 685 3050 breve
716 2989 842 3066 tempus
870 2989 1021 3050 versatus
1050 2983 1257 3049 Nicomediae
1286 2985 1437 3050 consedit

260 3097 411 3172 artesque
443 3091 596 3156 liberales
625 3090 791 3171 professus
823 3096 883 3156 est.
919 3090 1106 3171 Complures
1134 3095 1209 3172 post
1237 3110 1339 3156 annos
1367 3093 1435 3173 By-

261 3197 404 3263 zantium
428 3202 599 3263 revocatus
624 3203 685 3279 est,
709 3216 769 3263 nec
791 3216 869 3263 vero
893 3196 1014 3261 diutius
1038 3197 1084 3263 ibi
1107 3197 1228 3262 mansit
1258 3199 1315 3262 sed
1337 3198 1435 3263 Auti-

258 3305 382 3370 ochiam
411 3323 446 3368 se
473 3304 597 3387 recepit
627 3304 735 3384 ibique
759 3303 940 3369 Theodosio
970 3304 1151 3385 imperante
1179 3309 1315 3368 mortem
1339 3305 1433 3370 obiit.

145 3479 147 3483 .
258 3410 398 3492 Scripsit
422 3417 529 3476 autem
554 3411 727 3494 orationes
752 3410 1014 3493 declamationes,
1039 3410 1198 3492 epistulas
1214 3415 1312 3490 atque
1330 3411 1434 3492 scrip-

257 3525 362 3584 torum
390 3517 597 3584 multitudine
626 3538 735 3583 omnes
767 3519 919 3597 aequales
955 3518 1130 3599 superavit.
1186 3519 1224 3580 In
1262 3516 1434 3599 discipulis

257 3625 326 3689 eius
342 3624 473 3689 fuerunt
488 3624 650 3708 Julianus,
674 3625 818 3689 Basilius
834 3625 983 3706 Magnus
1007 3625 1030 3689 J
1031 3643 1152 3688 oannes
1169 3624 1431 3704 Chrysostomus.

256 3731 397 3796 Maxime
422 3736 527 3796 autem
545 3750 642 3796 curae
659 3731 689 3795 ei
706 3730 777 3813 fuit,
801 3736 837 3795 ut
854 3729 1072 3796 Christianam
1097 3729 1190 3794 fidem
1214 3729 1433 3815 impugnaret,

256 3839 426 3903 reduceret
458 3837 606 3918 antiquos
635 3840 721 3903 deos.
777 3838 893 3916 Itaque
923 3835 1089 3901 Julianum
1118 3836 1214 3903 valde
1249 3835 1432 3904 admiratus

257 3950 309 4009 est
332 3953 366 4010 et
388 3944 520 4028 amavit,
545 3946 627 4026 quod
650 3949 718 4008 toto
743 3945 849 4008 animo
873 3942 1025 4022 antiquae
1049 3942 1124 4007 fidei
1147 3942 1275 4008 deditus
1299 3944 1433 4008 deorum

256 4052 376 4117 cultum
406 4071 445 4117 ac
480 4051 720 4118 venerationem
752 4049 928 4114 restituere
963 4055 1097 4115 conatus
1129 4055 1190 4114 est.
1237 4050 1343 4128 Atque
1366 4051 1432 4115 hae

326 4283 352 4349 *)
370 4281 425 4334 Das
445 4280 537 4333 Leben
557 4280 603 4332 des
622 4278 752 4331 Liberius
771 4295 823 4332 von
843 4280 875 4332 R.
895 4280 1010 4333 Sievers.
1030 4279 1124 4334 Berlin
1145 4280 1221 4331 isos.
