2964 4980
620 273 843 343 ..4ςό

189 471 252 537 Dio
282 491 312 555 p.
339 477 390 538 50.
431 490 461 554 p.
493 477 565 538 135.
619 473 702 540 Xen.
720 463 820 559 κηησ.
851 479 880 558 5,
913 480 942 539 3.
998 481 1034 539 κ.
1064 463 1153 539 ποτε.
1182 466 1209 558 Ι,
1239 472 1316 558 ee

280 577 387 664 (huius
411 580 492 662 disp.
517 598 547 662 p.
576 586 614 645 19
639 580 692 645 fin.
718 588 760 646 20
784 580 852 667 ip).

144 686 211 750 Jul.
237 688 323 751 84Β
356 683 517 750 ἐδούλευον
547 686 580 750 δέ·
608 685 732 768 αἴσχιον
766 684 893 752 ἐκείνων
920 680 1014 775 ίδονῆ
1044 689 1097 752 καὶ
1133 697 1237 775 τρυφῆ
1264 688 1318 751 καὶ

278 784 433 880 ύκολασίρ
467 801 502 858 et
535 793 622 860 infra
657 788 746 871 όστις
776 794 809 857 δὲ
837 789 940 882 ἥττων
971 788 1090 884 ᾖδον-ῆς,
1115 788 1263 882 ύκροίτωρ
1286 794 1319 858 δὲ

279 891 373 988 όργῆς
395 901 449 963 καὶ
473 898 661 983 ἐπιθυμιῶν
684 906 856 966 παντοίων.

190 1008 252 1072 Dio
268 1028 299 1091 p.
320 1014 383 1073 174
398 1009 441 1074 in.
467 1000 642 1075 οἷκόλαστον
665 1009 719 1072 καὶ
742 1008 969 1091 δεδουλωμένον
984 1002 1042 1097 ύφ’
1058 1002 1177 1098 ἡδονῆς.
1205 1030 1235 1093 p.
1256 1017 1319 1076 174

278 1116 330 1181 fin.
378 1109 568 1204 ἡττηθέντες
591 1109 709 1206 ῆδονῆς.
755 1137 785 1201 p.
814 1124 875 1182 145
900 1118 952 1183 fin.
984 1117 1218 1206 διεφθαρμένοι
1244 1168 1250 1180 .
1277 1168 1283 1180 .
1311 1168 1316 1181 .

279 1222 337 1300 τὰς
361 1222 466 1308 ψυχὰς
489 1216 554 1289 όπδ
578 1233 699 1311 τρυφῆς
722 1225 776 1287 καὶ
799 1215 914 1310 υέργίας
937 1225 990 1287 καὶ
1016 1233 1072 1288 τοῦ
1096 1249 1131 1290 τε
1147 1225 1320 1312 κερδαίνειν

278 1331 332 1393 καὶ
348 1323 459 1417 ῆδονῆς
474 1325 610 1421 ἥττονες.
657 1351 688 1414 p.
706 1337 748 1396 48
765 1329 820 1417 τῆν
839 1329 940 1418 ψυχὴν
956 1337 1187 1419 τεταραγμένην
1212 1324 1320 1416 όρμαῐς

279 1463 314 1502 τε
348 1439 401 1503 καὶ
435 1438 553 1515 λύπαις
587 1438 642 1502 καὶ
678 1438 792 1524 φόβοις
826 1439 880 1502 καὶ
914 1431 1040 1526 ῆδοναῖς
1067 1439 1121 1502 καὶ
1149 1445 1320 1516 παντοίαις

280 1544 484 1628 ἐπιθυμίαις.
1125 1625 1127 1629 .

145 1655 318 1719 1111864
343 1663 411 1730 τοῖς
433 1653 490 1736 μέν
514 1646 656 1738 ύγαθοῑς
679 1663 743 1722 των
766 1654 909 1719 πολιτων
932 1647 1078 1740 όρέσκειν
1099 1651 1230 1732 ἐθέλων,
1256 1663 1320 1718 των

279 1762 406 1825 πολλῶν
430 1761 462 1825 δὲ
486 1759 735 1843 ἐπιμελούμενος
759 1760 790 1826 ἐν
814 1762 883 1848 δίκη
906 1762 961 1825 καὶ
985 1753 1037 1825 ἐπ’
1063 1753 1213 1848 ιόφελείρ.

190 1869 252 1933 Dio
276 1888 306 1951 p.
331 1875 373 1934 49
398 1869 450 1934 fin.
481 1877 584 1951 τιμιῦν
613 1869 667 1933 καὶ
696 1864 833 1954 οἷμαπιῦν
861 1868 935 1945 τούς
962 1861 1119 1953 εέφαθούς,
1151 1867 1320 1955 κηδόμενος

280 1975 313 2040 δὲ
336 1975 476 2040 πόντων.
523 1996 552 2060 p.
579 1983 620 2042 98
645 1981 726 2044 med.
763 1978 817 2041 καὶ
841 1975 943 2063 ζητεῖν
968 2027 975 2039 .
1001 2026 1008 2038 .
1035 2026 1042 2039 .
1069 2026 1075 2038 .
1105 1975 1237 2041 πόντων
1267 1967 1319 2040 ἐπ’

280 2075 422 2170 ιδφελεία
445 2092 509 2148 των
533 2075 692 2148 ὁποίποτε
716 2076 903 2169 όνθριύπων
927 2093 1063 2166 κρατεῖν.

145 2191 211 2256 Jul.
238 2197 278 2255 81
297 2194 325 2256 Α
351 2185 434 2255 ούτω
457 2189 552 2256 θεῖόν
576 2189 645 2256 ἐστι
668 2200 771 2278 κτῆμα
794 2191 848 2256 καὶ
871 2189 1046 2276 πάγκαλον.

190 2298 253 2363 Dio
282 2317 312 2380 p.
341 2304 402 2363 105
433 2298 476 2363 in.
513 2308 582 2374 τοῖς
615 2297 673 2380 μὲν
708 2291 816 2374 ι’ίλλοις
850 2295 944 2362 καλὸν
978 2306 1081 2383 κτῆμα
1116 2295 1172 2382 τῆν
1206 2287 1320 2381 ύρετίν

279 2403 449 2487 νενόμικεν,
476 2397 563 2490 αύτηῖ
587 2404 619 2469 δδ
642 2405 696 2468 καὶ
719 2396 900 2489 όναγκαῖον.

146 2514 211 2578 Jul.
237 2515 303 2578 4Α
326 2504 396 2594 μετ’
420 2504 545 2589 εύνοίας
568 2510 777 2599 ἐπιπλήττειν
800 2522 868 2589 τοῖς
891 2504 1109 2598 ἁμαρτήμασι,

191 2620 254 2685 Dio
269 2640 299 2703 p.
320 2627 378 2685 181
398 2606 469 2703 μετ>
494 2613 618 2697 εύνοίας
640 2620 695 2684 καὶ.
718 2618 919 2706 δικαιοσύνης
934 2639 992 2684 rex
1008 2618 1153 2684 homines
1170 2618 1319 2683 meliores

280 2731 415 2794 reddere
440 2731 581 2794 studeat.

147 2853 211 2917 Jul.
238 2859 279 2916 83
307 2856 337 2918 Ι)
374 2845 444 2917 ούδέ
479 2851 508 2917 εἰ
543 2851 661 2929 πάντες
695 2845 869 2936 ἄνθρωποι
903 2850 1035 2933 βασιλέα
1074 2857 1168 2937 σφῶν
1208 2857 1320 2912 τοῦτον

282 2952 474 3044 ὁμολογοῖεν.

191 3067 253 3130 Dio
284 3087 314 3148 p.
339 3074 382 3132 48
411 3069 464 3133 fin.
502 3059 567 3131 oe'd'
598 3065 688 3131 ἐσται
723 3064 804 3130 ποτὲ
839 3063 957 3140 ἐκεῖνος
990 3061 1147 3146 βασιλεύς,
1188 3054 1252 3125 οὐδ’
1280 3056 1319 3125 ἐίν

280 3173 400 3251 πάντες
424 3183 530 3262 φιῦσιν
546 3167 693 3260 Ἕλληνες
715 3173 769 3235 καὶ
792 3170 956 3256 βάρβαροι.

147 3280 212 3343 Jul.
239 3283 366 3346 91Βο
391 3279 558 3366 αἱρήσεται
581 3280 614 3343 δέ·
639 3271 692 3360 οόχ
715 3271 828 3354 όπλιῦς
853 3269 923 3340 οὐδὲ
947 3269 991 3352 τός
1015 3274 1130 3356 ἐτυχεν,

191 3386 253 3450 Dio
278 3406 307 3470 p.
335 3394 397 3452 130
421 3388 474 3452 fin.
501 3379 544 3464 ιδς
567 3397 636 3462 τοῖς
658 3385 716 3467 μὲν
739 3392 887 3465 τυχοῦσιν
917 3375 972 3446 οόκ
996 3373 1139 3467 ιέσφαλές
1170 3380 1236 3466 εἰκῆ
1260 3405 1319 3462 με·-

281 3493 442 3557 ταδιδύναι
465 3492 636 3574 δυνάμεως.
914 3570 916 3573 ¹

147 3601 212 3664 Jul.
238 3606 278 3663 97
293 3603 325 3665 -Α
355 3601 473 3688 πολλῆς
501 3600 559 3682 μέν
586 3607 681 3686 τιμῆς
709 3598 763 3661 καὶ
794 3597 956 3678 δυνάμεως
983 3597 1036 3658 καὶ.
1060 3599 1239 3680 παρρησίας
1260 3618 1319 3675 με-

280 3706 433 3783 ταδιδσύς.

191 3815 254 3878 Dio
278 3833 307 3896 p.
336 3821 397 3880 103
420 3819 540 3900 χαίρων
565 3864 571 3877 .
598 3864 605 3877 .
631 3863 638 3876 .
664 3816 835 3898 παρρησίη.

147 3940 212 4004 Jul.
239 3946 280 4004 93
299 3943 326 4005 Α
351 3933 455 4024 ύλβιος
477 3940 535 4022 μὲν
559 3931 654 4015 αύτδς
677 3939 731 4002 καὶ
756 3930 855 4013 όντως
878 3927 1049 4016 εύδαίμων·
1076 3925 1216 4013 εύτυχεῑς
1239 3931 1271 3995 δέ
1289 3930 1318 3995 οἱ

279 4046 508 4131 μεταλαβόντες
531 4057 586 4136 τῆς
609 4044 758 4130 τοιαύτης
781 4036 886 4132 α’ρχῆς.

191 4157 253 4223 Dio
269 4177 299 4239 p.
319 4163 358 4221 55
376 4156 428 4223 fin.
453 4153 610 4238 μακάριος
631 4151 689 4232 μὲν
712 4142 807 4226 αύτδς
830 4158 886 4237 τῆς
909 4141 1106 4233 εόγνιόμονος
1120 4147 1175 4210 καὶ
1190 4138 1320 4232 οέγαθῆς

282 4262 426 4349 φύσεως·
450 4258 604 4345 μακάριοι
627 4257 659 4322 δὲ
682 4250 774 4338 ὑμεῖς
798 4254 828 4321 οἱ
853 4259 1108 4337 συμμετέχοντες.
