2964 4980
560 293 783 356 ...lo-

83 484 325 552 venerationem
354 485 388 551 in
415 486 495 553 viris
519 507 540 553 a
563 505 599 552 se
623 486 796 569 descriptis
827 488 980 554 laudasse
1004 493 1038 554 et
1061 488 1257 555 celebrasse.

85 591 368 674 Supemacaneum
395 600 447 660 est
475 613 584 660 omnes
617 614 805 661 enumerare
835 596 933 678 lecca,
969 595 1085 677 quibus
1121 597 1259 679 exempli

84 718 185 764 causa
213 700 328 784 Cyrus
364 705 538 784 antequam
569 703 611 767 ad
641 702 776 785 gravius
805 702 936 785 aliquod
965 723 1044 784 opus
1080 705 1258 787 accederet,

85 805 156 872 deis
180 807 323 873 traditur
345 808 579 890 immolavisse;
604 809 747 875 sufficiat
770 810 939 876 attulisse:

76 902 181 999 Ἅγησ.
199 920 228 997 3,
246 921 264 979 2
289 912 328 978 τά
352 914 411 996 μὲν
433 919 513 979 θεῖα
538 910 640 992 οὕτως
663 913 798 999 ἐσέβετο.
834 924 883 1001 11,
900 924 920 982 8
937 908 990 981 άεὶ
1006 916 1039 981 δὲ
1055 917 1260 998 δεισιδαίμων

217 1008 264 1108 ἦν.
312 1030 350 1086 Κ.
380 1022 469 1087 παιδ.
494 1025 520 1107 Ι,
546 1030 575 1108 5,
601 1029 619 1087 6
651 1016 763 1110 ἤρχετο
797 1032 925 1111 πρῶτον
959 1015 1028 1088 άπὸ
1061 1033 1125 1088 τῶν
1159 1029 1258 1088 θεῶν.

217 1129 243 1212 Ι,
269 1135 297 1213 a,
325 1134 367 1194 14
389 1120 442 1194 αἐι
464 1121 532 1194 ἄπο
559 1135 649 1195 auo
673 1123 851 1216 ὁρμᾶσθαι.
897 1132 990 1216 Vin,
1016 1138 1045 1215 2,
1071 1138 1111 1196 22
1137 1128 1199 1215 εγὼ
1228 1132 1261 1196 σε

216 1227 365 1322 δπηρετῶ
400 1237 457 1318 μὲν
491 1246 560 1313 τοῖς
594 1242 698 1314 θεοῖς.
745 1240 837 1323 VIII,
864 1246 891 1323 7,
918 1245 958 1304 22
994 1229 1074 1302 άλλδ
1102 1237 1202 1316 θεούς
1225 1262 1260 1323 γε

217 1341 291 1418 τοὺς
313 1334 366 1408 άεὶ
391 1336 485 1421 ὄντας
509 1396 516 1408 .
542 1395 549 1408 .
576 1395 583 1409 .
607 1396 614 1410 .
647 1344 841 1432 φοβούμενοι
868 1343 996 1433 μήποτε
1026 1336 1140 1429 άσεβὲς
1166 1346 1261 1433 μηδὲν

215 1450 293 1539 μηδὲ
326 1442 456 1516 άνόσιον
490 1451 645 1540 ποιήσητε
678 1452 759 1541 μήτε
792 1451 990 1540 βουλεύσητε·
1035 1452 1116 1534 μετά
1151 1457 1260 1534 μέντοι

216 1555 316 1636 θεοὺς
339 1561 393 1623 καὶ
415 1551 603 1647 άνθράπων
625 1559 663 1625 τὸ
686 1569 753 1625 πᾶν
776 1565 865 1644 γένος
887 1558 925 1626 τὸ
947 1551 1000 1625 άεὶ
1021 1557 1262 1645 ἐπιγιγνόμενον

218 1663 375 1730 αἰδεῖσθε.

173 1774 250 1839 Jam
272 1774 346 1841 vide
370 1775 439 1841 eius
464 1781 659 1842 sectatorem
682 1776 833 1842 Dionem:

78 1897 112 1961 p.
130 1884 172 1944 49
198 1877 267 1944 ἔστι
290 1880 326 1968 δὴ
349 1891 478 1968 πρῶτον
500 1882 559 1963 μὲν
581 1888 672 1947 θεῶν
695 1880 848 1970 ἐπιμελὴς
871 1883 926 1946 καὶ
946 1881 983 1947 τὸ
999 1882 1163 1965 δαιμόνιον
1179 1907 1260 1967 προ-

216 1996 327 2069 τιμῶν.
373 2009 404 2073 p.
432 1997 494 2056 116
517 1991 571 2055 fin.
602 1991 656 2053 καὶ
684 1988 813 2077 πρῶτόν
844 2013 879 2073 γε
907 1990 962 2054 καὶ
991 1989 1132 2071 μάλιστα
1157 1994 1260 2073 θερα-

216 2093 310 2161 πεύει
338 2095 375 2161 τὸ
403 2102 506 2162 θεῖον.
557 2116 588 2181 p.
618 2102 659 2162 49
689 2097 776 2163 infra
806 2095 887 2178 μετὰ
919 2096 952 2161 δὲ
983 2096 1057 2173 τοὺς
1080 2096 1179 2173 θεοὺς
1202 2089 1260 2160 άν-

218 2201 365 2287 θρῶπων
389 2200 598 2285 ἐπιμελεῖται.

81 2324 242 2391 Conferas
283 2345 378 2410 porro
418 2330 501 2394 Xen.
530 2319 632 2414 Ῐῖγησ.
670 2334 720 2411 11,
754 2334 770 2392 l
819 2325 893 2404 τοὺς
934 2325 1035 2403 θεοὺς
1077 2325 1262 2408 συμμάχους

218 2439 403 2512 ποιεῖσθαι,
444 2445 481 2499 Κ.
506 2435 595 2499 παιδ.
620 2437 646 2519 Ι,
672 2442 701 2519 6,
725 2440 747 2500 4
776 2427 821 2511 ὡς
848 2432 929 2519 πρὸς
953 2435 1066 2521 φίλους
1087 2457 1144 2514 μοι
1169 2426 1261 2510 ὄντας

218 2538 292 2618 τοὺς
314 2540 415 2618 θεοὺς
439 2536 522 2606 οὕτω
546 2540 709 2623 διάκειμαι
755 2547 789 2607 et
811 2541 926 2606 Dionis
954 2559 985 2623 p.
1013 2547 1074 2605 137
1100 2534 1260 2604 ὥστεκαὶ

218 2643 293 2723 τοὺς
315 2646 415 2723 θεοὺς
438 2639 525 2734 αὕτη]
549 2657 702 2733 πειρᾶται
725 2657 833 2712 ποιεῖν
858 2647 981 2734 φίλους.

173 2753 300 2819 Malunt
324 2759 432 2821 autern
455 2755 508 2821 dei
530 2755 683 2821 honorari
706 2755 799 2820 bonis
822 2754 921 2820 factis
953 2772 1048 2836 quam
1079 2753 1257 2819 sacrificiis

80 2850 286 2946 Χεαῖηησ.
314 2868 364 2947 11,
390 2868 418 2927 2.
466 2862 528 2927 Dio
551 2883 582 2944 p.
610 2869 683 2928 117.

172 2968 240 3033 Nec
274 2968 376 3034 minor
411 2969 479 3034 fere
514 2988 623 3034 eorum
650 2970 791 3034 locorum
820 2988 971 3034 numerus
995 2972 1055 3051 est,
1085 2966 1202 3050 quibus
1226 2972 1259 3031 et

79 3073 264 3155 Xenophon
288 3080 322 3140 et
338 3075 400 3140 Dio
424 3075 592 3157 proferunt
615 3082 649 3142 et
673 3076 829 3141 dictitant
851 3077 967 3141 bonum
983 3093 1093 3156 regem
1110 3078 1259 3154 oportere

79 3179 274 3246 libidinibus
298 3199 333 3246 se
356 3181 532 3265 abstinere,
556 3182 740 3248 incumbere
764 3181 798 3246 in
820 3181 959 3263 labores
985 3179 1113 3245 similia.

80 3303 168 3368 Xen.
185 3294 288 3390 Ἅγησ.
314 3311 343 3389 5,
369 3312 387 3370 2
413 3296 448 3369 οὗ
470 3304 532 3390 μὴν
555 3300 645 3390 δπνηι
670 3329 705 3388 γε
728 3303 877 3391 δεσπότῃ,
910 3295 978 3367 ἄλλ’
1002 3295 1165 3388 άρχομένῳ
1194 3296 1260 3368 ὑπὸ

217 3419 281 3474 τῶν
304 3410 450 3497 πράξεων
479 3409 616 3499 ἐχρῆτο.
643 3462 649 3475 .
676 3462 694 3489 .,
719 3405 828 3498 ἡγεῖτο
851 3409 912 3496 γάρ
934 3403 1063 3495 άρχοντι
1086 3408 1260 3496 προσήκειν

219 3508 256 3581 οδ
270 3518 411 3606 μαλακίᾳ
427 3510 507 3582 άλλά
531 3524 681 3606 καρτερία
696 3527 760 3583 τῶν
784 3517 921 3583 ἰδιωτῶν
945 3527 1112 3601 περιεῖναι.
1157 3508 1258 3604 Άγησ.

218 3630 248 3709 5,
262 3615 468 3712 3ᾌγησίλαος
490 3635 598 3690 πονῶν
620 3626 679 3707 μὲν
702 3617 864 3713 ἠγάλλετο,
890 3622 1052 3710 ῥᾳστώνην
1069 3621 1101 3686 δὲ
1121 3621 1260 3704 πάμπαν

222 3720 258 3794 οδ
281 3736 445 3818 προσίετο.
495 3738 545 3816 11,
571 3739 589 3797 6
614 3741 653 3818 τῇ
677 3731 709 3796 δὲ
739 3732 886 3817 βασιλείᾳ
914 3727 1085 3816 προσήκειν
1118 3725 1259 3811 ἐνόμιζεν

219 3827 254 3901 οὗ
279 3836 481 3925 ῥᾳδιουργίαν
504 3830 583 3902 άλλά
608 3829 860 3922 καλοκάγαθίαν.

125 3944 190 4010 Dio
206 3962 237 4027 p.
254 3949 297 4010 48
322 3943 389 4010 οἷον
406 3937 476 4010 οὐδὲ
499 3944 670 4010 καθεύδειν
693 3937 789 4009 αὐτὸν
812 3936 898 4022 άξιοῖ
913 3933 954 4008 δι’
978 3937 1051 4029 δλης
1073 3951 1129 4027 της
1150 3940 1260 4019 νυκτὸς

219 4042 262 4127 ὦς
286 4042 357 4115 οὐδὲ
381 4045 476 4139 οδσης
498 4043 584 4138 αὕτη]
609 4052 721 4139 σχολῆς
745 4051 913 4138 ῥᾳθυμεῖν.

75 4161 167 4225 Xen.
202 4166 241 4222 K.
273 4158 362 4223 παιδ.
391 4160 417 4243 Ι,
450 4166 479 4243 6,
504 4166 523 4224 8
558 4159 652 4224 multi
687 4164 804 4241 putant
838 4157 903 4222 δεῖν
937 4155 992 4222 τὸν
1026 4149 1161 4242 άρχοντα
1195 4165 1259 4220 τῶν

218 4255 399 4352 άρχομένων
419 4265 583 4354 διαφέρειν
606 4274 653 4351 τηῖ
676 4265 730 4329 καὶ
753 4264 1018 4350 πολυτελέστερον
1041 4263 1180 4328 δειπνεῖν
1203 4263 1258 4326 καὶ

1097 4369 1131 4420 2*
