2964 4980
723 300 946 366 ..14...

248 497 311 562 Dic
334 515 364 580 p.
392 503 453 562 156
477 496 520 562 in.
546 505 604 562 τοῦ
626 494 687 583 γάρ
710 501 863 580 ποιμένος
886 488 943 562 ούκ
966 490 1043 562 άλλο
1072 523 1104 563 τι
1128 496 1218 585 ἔργον
1241 492 1260 587 ό)
1286 492 1422 586 πρόνοια

381 604 435 667 καὶ
465 608 605 691 σωτηρία
639 604 693 667 καὶ
726 603 849 692 φυλακὴ
879 603 1058 690 προβάτων.
1094 599 1177 670 ὥστε
1207 605 1423 672 κατακόπτειν

383 703 419 775 ού
441 709 487 793 μά
513 716 577 776 Δία
600 712 654 775 καὶ
678 711 836 799 σφάττειν
858 713 913 776 καὶ
936 711 1045 798 δέρειν.
1097 718 1131 779 et
1153 733 1183 797 p.
1201 719 1243 779 48
1260 718 1341 782 med.
1368 706 1423 796 ούχ

382 816 553 904 ἑστιάτορα
575 820 630 882 καί
653 817 835 901 δαιτυμόνα,
861 811 905 895 ιός
928 816 991 906 ’ἐφη
1013 843 1073 896 τις.

292 926 387 991 Plato
416 927 488 990 πολ.
522 931 585 992 345
610 927 634 992 O
672 930 813 990 πιαίνειν
851 923 912 990 σἰἐι
946 918 1041 992 αι’τόν
1075 926 1114 991 τά
1149 927 1305 1015 πρόβατα,
1341 931 1422 992 καθ’

381 1027 456 1098 όσον
479 1031 600 1120 ποιμήν
624 1030 720 1111 ἐστιν,
746 1025 782 1097 ού
806 1031 887 1120 πρὸς
909 1031 947 1099 τὸ
969 1042 1033 1098 τῶν
1056 1033 1228 1121 προβάτων
1258 1036 1423 1119 βέλτιστον

379 1141 547 1225 βλέποντα,
571 1132 640 1204 ἄλλ’
657 1135 767 1227 ὥσπερ
790 1139 963 1223 δαιτυμόνα
978 1141 1048 1206 τινὰ
1065 1143 1119 1207 καὶ
1140 1144 1296 1226 μέλλοντα
1312 1142 1423 1208 ἑστιά-

382 1253 503 1312 σεσθαι
525 1247 607 1335 πρὸς
629 1246 686 1336 τὴν
709 1239 859 1329 εύωχίαν,·

336 1375 383 1439 Et
410 1374 494 1440 sicut
521 1374 601 1440 locis
629 1374 741 1440 allatis
769 1380 883 1457 pastor
913 1380 947 1440 ct
970 1395 1051 1458 grex
1074 1377 1309 1459 comparationi
1336 1383 1422 1461 sunt,

246 1481 296 1547 itu
318 1482 439 1547 milites
463 1482 557 1563 quasi
580 1501 678 1548 canes
701 1482 845 1564 pastoris
870 1487 959 1548 sunt:
982 1485 1068 1549 Plct.
1094 1484 1165 1547 πολ.
1193 1489 1255 1549 375
1277 1484 1306 1548 Α
1331 1504 1364 1550 ss
1388 1490 1424 1550 et

246 1593 312 1654 404
335 1590 373 1654 Α.
399 1594 433 1654 ct
455 1589 571 1654 Dionis
595 1607 625 1672 p.
652 1594 704 1653 53.

335 1713 397 1797 Qui
420 1733 518 1780 canes
542 1715 663 1780 cavcnd
671 1735 723 1779 um
747 1719 862 1779 estne
885 1714 970 1779 fame
993 1715 1099 1782 coacti
1120 1715 1203 1781 fiant
1225 1715 1302 1798 lupi.

246 1855 342 1920 Plato
371 1855 444 1919 πολ.
475 1861 539 1921 416
566 1864 598 1920 A
629 1857 794 1937 αλσχιστον
826 1860 961 1936 ποιμέσι
991 1854 1156 1932 τοιούτους
1188 1879 1224 1940 γε
1253 1856 1307 1919 καὶ
1339 1850 1424 1920 ούτω

380 1967 509 2050 τρέφειν
532 1961 627 2039 κύνας
651 1961 839 2048 ἐπικούρους
862 1967 1031 2044 ποιμνίων,
1057 1957 1140 2027 ὥστε
1163 1956 1228 2028 ύπὸ
1249 1955 1425 2039 άκολασίας

380 2063 399 2157 ἢ
426 2070 520 2151 λιμοῦ
549 2063 568 2158 ἢ
595 2095 681 2146 τινος
709 2063 804 2133 άλλου
833 2078 931 2133 κακοῦ
959 2067 1057 2146 ἔθους
1088 2062 1203 2146 αύτούς
1232 2067 1305 2146 τοὺς
1329 2069 1425 2146 κύνας

379 2173 579 2263 ἐπιχειρῆσαι
609 2186 678 2253 τοῖς
706 2175 882 2263 προβάτοις
918 2186 1101 2262 κακουργεῖν
1135 2178 1189 2240 καὶ
1218 2168 1289 2241 άντὶ
1323 2185 1425 2241 κυνῶν

379 2281 485 2360 λύκοις
510 2277 723 2370 ὁμοιωθῆναι.

290 2391 352 2456 Dio
375 2408 406 2473 p.
425 2397 465 2456 53
488 2393 569 2457 med.
593 2389 748 2476 καθάπερ
764 2389 792 2454 εἰ
816 2389 937 2478 ποιμὴν
959 2388 1035 2466 τούς
1056 2389 1115 2472 μὲν
1138 2388 1424 2476 συμφυλάττοντας

378 2490 466 2584 αύτῷ
488 2491 618 2584 άγνοοίη
641 2498 696 2561 καὶ
718 2496 798 2586 μήτε
828 2497 950 2586 τροφὴν
981 2489 1091 2574 αύτοῑς
1113 2488 1219 2584 όρέμοι
1241 2495 1323 2585 μήτε
1346 2516 1423 2561 συν-

378 2604 591 2693 αγρυπνήσειέ
613 2629 694 2671 ποτε
719 2604 963 2693 φυλάτττουσιν.
989 2595 1081 2682 οὗτος
1103 2601 1164 2691 γάρ
1188 2594 1225 2668 ού
1248 2602 1287 2667 τά
1319 2607 1423 2690 θηρία

378 2711 484 2795 μόνω,
517 2704 595 2775 άλλά
626 2713 680 2775 καὶ
710 2711 785 2789 τούς
813 2711 908 2789 κύνας
936 2703 1114 2777 άναπείθει
1151 2708 1196 2797 μὴ
1236 2701 1423 2791 άπέχεσθαι

379 2827 434 2906 τῆς
457 2823 604 2905 ποίμνης.

335 2945 403 3028 Quo
434 2951 542 3010 cutem
574 2944 645 3009 cibo
675 2963 733 3009 rex
765 2943 886 3008 milites
919 2940 1066 3008 nutriet?
1116 2941 1249 3006 Minime
1284 2941 1423 3024 piscium

245 3051 407 3134 carnibus,
438 3051 471 3116 id
495 3053 579 3134 quod
609 3055 644 3116 et
670 3050 766 3114 Plato
795 3055 828 3113 ct
852 3049 915 3113 Dic
939 3047 1147 3114 consentiunt
1174 3067 1244 3112 cum
1267 3049 1420 3114 Hcmcrc.

244 3159 294 3224 Pl.
319 3157 392 3222 πολ.
416 3162 483 3222 404
507 3159 540 3223 Ο.
566 3157 628 3222 Dio
651 3175 681 3240 p.
707 3162 748 3220 87
773 3155 826 3220 fin.
852 3161 886 3220 ct
910 3161 952 3220 88
976 3155 1020 3220 in.

333 3282 441 3363 Atque
453 3288 489 3347 ut
501 3282 533 3346 in
546 3280 705 3362 eligendis
722 3279 804 3346 cibis
820 3299 884 3344 non
895 3284 963 3345 tam
979 3280 1163 3344 iucunditas
1180 3296 1275 3360 quam
1290 3277 1422 3344 utilitas

244 3388 449 3472 respicienda
472 3394 533 3472 cst,
562 3387 611 3452 ita
634 3386 760 3452 omnino
790 3385 1009 3451 iucunditatcs
1038 3385 1206 3452 libidinum
1237 3384 1422 3450 reiciendae

247 3501 332 3562 sunt.

245 3620 340 3686 Plato
364 3619 436 3684 πολ.
461 3625 525 3685 431
550 3622 581 3685 D
605 3622 739 3703 κρείττω
762 3610 890 3705 ἡδονῶν.
939 3623 1002 3682 389
1018 3619 1049 3682 D
1073 3607 1188 3691 αύτούς
1211 3614 1244 3678 δὲ
1267 3608 1423 3700 άρχοντας

377 3734 441 3791 τῶν
465 3727 540 3812 περὶ
563 3724 682 3800 πότους
704 3725 759 3788 καί
781 3717 957 3811 άφροδίσια
980 3723 1035 3786 καὶ
1058 3721 1134 3807 περὶ
1158 3719 1276 3798 ἐδωδάς
1291 3715 1420 3796 ύδονιῦν.

288 3834 350 3899 Dio
374 3852 404 3916 p.
430 3839 473 3898 64
496 3834 548 3899 fin.
586 3824 622 3897 ού
645 3839 709 3895 cciv
732 3823 850 3918 ἡδονῶν
875 3881 882 3893 .
908 3880 915 3893 .
941 3880 948 3892 .
974 3879 981 3892 .
1007 3827 1241 3911 ἐπιθυμοῦντα.
1288 3829 1351 3896 Vol.
1375 3831 1421 3914 H,

378 3958 408 4023 p.
436 3946 499 4005 322
525 3939 670 4027 φείδεται
693 3937 726 4001 δὲ
750 3945 814 4002 τῶν
837 3930 964 4022 ἧδονων.

244 4066 340 4131 Plato
363 4064 436 4128 πολ.
461 4069 525 4128 485
550 4073 581 4126 Ε
603 4055 720 4150 ούδαμρ]
747 4061 991 4150 φιλοχρήματος.
1033 4068 1096 4127 390
1121 4071 1151 4124 Ε
1174 4059 1420 4148 φιλοχρήματον.

288 4173 351 4238 Dio
374 4191 404 4255 p.
429 4177 471 4235 48
497 4169 742 4258 φιλοχρήματος.
789 4171 829 4236 tf.
855 4188 885 4252 p.
912 4176 953 4235 50
977 4157 1041 4235 fin.
1077 4189 1108 4252 p.
1124 4175 1185 4234 113
1211 4167 1296 4232 εἰδὲ
1321 4167 1421 4254 φιλύ-

378 4277 466 4353 δονος
488 4277 543 4341 καὶ
567 4275 811 4365 φιλοχρύματος.
858 4276 898 4342 cf.
923 4296 954 4359 p.
982 4282 1053 4361 166,
1081 4282 1153 4360 169,
1180 4281 1251 4340 185.
