2964 4980
654 1155 809 1270 uita„

219 1489 307 1541 Natus
326 1504 384 1540 sum
403 1487 517 1541 Gottlob
536 1486 606 1539 Emil
627 1486 749 1538 Andreas
769 1486 872 1539 Barner
892 1502 961 1538 anno
980 1487 1006 1539 h.
1027 1503 1047 1539 s.
1067 1487 1142 1541 LXV
1161 1493 1226 1540 ante
1250 1488 1320 1542 diem

148 1578 229 1630 XVII
248 1578 311 1630 Kal.
329 1577 396 1630 Nor.
422 1582 501 1642 patre
520 1576 641 1641 Gottlnb,
666 1581 755 1628 matre
778 1575 828 1628 lrla
853 1581 971 1644 egente
990 1576 1084 1640 Bredt,
1110 1577 1207 1642 quibus
1232 1577 1320 1630 adhuc

149 1666 344 1733 superstitibus
364 1665 479 1733 gaudeo.
516 1665 593 1718 Fidei
612 1665 738 1717 addictus
751 1681 809 1717 sum
823 1664 1006 1732 evangelicae.
1035 1664 1114 1716 Anno
1127 1666 1228 1718 LXXV
1247 1666 1321 1718 inter

148 1755 293 1822 discipulos
319 1754 452 1821 gymnasii
476 1753 687 1808 Elherfeldensis
713 1758 839 1821 receptus
866 1769 932 1818 sum,
961 1753 1030 1818 quod
1049 1758 1115 1806 tunc
1138 1754 1318 1818 Volkmanno,

149 1844 246 1897 deinde
264 1844 420 1896 Eberhardo
440 1843 553 1897 florebat
572 1849 684 1898 rectore.
709 1843 812 1896 Novem
824 1847 887 1910 post
899 1858 984 1895 annos
999 1842 1111 1895 Bardtio
1125 1843 1183 1896 viro
1203 1843 1319 1896 clarissi-

149 1952 191 1986 mo
210 1939 315 1986 rectore
328 1933 496 1986 maturitatis
508 1933 696 1987 testimonium
714 1938 813 1985 nactus
832 1932 997 2000 philologiae
1010 1948 1118 1999 operam
1137 1948 1239 1986 navare
1259 1949 1319 1985 con-

149 2023 237 2076 stitui.
270 2024 360 2089 Atque
382 2022 525 2091 Tubingae
547 2024 599 2075 duo
617 2022 767 2087 semestris,
786 2023 839 2075 duo
858 2021 1088 2088 Gryphiswaldae,
1107 2039 1190 2075 unum
1210 2023 1320 2075 Bonnae

148 2112 191 2164 his
211 2112 312 2165 litteris
336 2111 436 2176 studui,
461 2111 559 2164 deinde
583 2112 653 2164 hanc
679 2111 779 2163 almam
797 2111 936 2164 Musarum
956 2111 1046 2164 sedem
1065 2110 1129 2176 adii,
1154 2110 1231 2163 cuius
1254 2111 1321 2164 civis

149 2202 188 2253 fui
219 2206 349 2267 quattuor
375 2200 526 2252 semestris.
572 2199 695 2253 Priorum
722 2206 930 2267 praeceptorum
965 2199 1207 2252 exercitationibus
1234 2201 1319 2267 philo-

151 2290 219 2356 logis
245 2293 423 2356 praeparatus
453 2288 534 2340 Birtii
561 2288 702 2345 Schmidtii
727 2288 918 2342 benevolentia
936 2293 1061 2354 receptus
1080 2305 1140 2341 sum
1158 2288 1187 2341 in
1206 2289 1319 2343 semina-

149 2379 218 2431 rium
237 2378 443 2446 philologorum,
462 2376 538 2430 cuius
550 2393 599 2444 per
611 2377 666 2430 tria
678 2378 821 2431 semestria
840 2377 880 2430 fui
899 2377 999 2431 sodalis
1014 2377 1175 2431 ordinarius.
1211 2378 1320 2431 Exerci-

149 2467 297 2520 tationibus
323 2467 379 2519 suis
398 2473 431 2519 ut
456 2466 618 2520 interessem
637 2466 754 2534 benigne
780 2470 973 2519 concesserunt
992 2466 1154 2533 Bergmann,
1181 2467 1214 2520 de
1233 2467 1320 2532 Sybel.

221 2557 380 2608 Dourerunt
414 2572 456 2608 me
483 2555 536 2608 viri
571 2555 715 2611 clarissimi
744 2554 861 2619 Achelis,
889 2556 1053 2621 Bergmann,
1073 2554 1143 2619 Birt,
1163 2556 1320 2621 Buecheler,

292 2645 389 2709 Cohen,
422 2645 537 2710 cremer,
570 2645 674 2712 Haupt,
708 2645 826 2712 Herzog,
854 2643 960 2708 Kaibel,
994 2643 1143 2708 Kautzsch
1172 2643 1320 2712 Kiessling,

292 2732 404 2798 Kuebel,
423 2734 540 2798 Lemme,
560 2733 704 2798 Luebbert‚
724 2732 879 2797 Pflciclerer,
903 2733 1004 2798 Rohde,
1030 2731 1159 2797 Schmidt,
1185 2731 1320 2797 Schwabe,

292 2821 416 2890 Sigwart,
437 2822 470 2874 de
488 2822 575 2888 Sybel,
595 2823 707 2887 Usener,
727 2821 850 2886 Zimmcr,
870 2822 1010 2874 Zoeckler.

221 2910 322 2974 Quibus
341 2911 561 2976 praeceptoribus
581 2910 702 2963 omuibus
721 2909 828 2980 gratias
847 2909 931 2962 habeo
950 2909 1087 2974 maximas,
1107 2909 1237 2974 imprimis
1257 2924 1320 2962 vero

151 2998 270 3050 Birtium
289 3003 318 3050 et
337 2996 516 3050 Schmidtium
535 3004 617 3066 grata
636 3014 740 3066 semper
759 2999 845 3051 colam
863 2997 1001 3050 memoria.
