<?xml version="1.0" encoding="UTF-8"?>
<!DOCTYPE html PUBLIC "-//W3C//DTD XHTML 1.0 Transitional//EN"
    "http://www.w3.org/TR/xhtml1/DTD/xhtml1-transitional.dtd">
<html xmlns="http://www.w3.org/1999/xhtml" xml:lang="en" lang="en">
 <head>
  <title>
</title>
<meta http-equiv="Content-Type" content="text/html;charset=utf-8" />
  <meta name='ocr-system' content='tesseract 3.04.00' />
  <meta name='ocr-capabilities' content='ocr_page ocr_carea ocr_par ocr_line ocrx_word'/>
</head>
<body>
  <div class='ocr_page' id='page_1' title='image "./comparanturinte00barngoog_0028.png"; bbox 0 0 2964 4980; ppageno 0'>
   <div class='ocr_carea' id='block_1_1' title="bbox 587 411 808 470">
    <p class='ocr_par' dir='ltr' id='par_1_1' title="bbox 587 411 808 470">
     <span class='ocr_line' id='line_1_1' title="bbox 587 411 808 470; baseline -0.005 -16"><span class='ocrx_word' id='word_1_1' title='bbox 587 411 808 470; x_wconf 77' lang='lat'>..23-...</span> 
     </span>
    </p>
   </div>
   <div class='ocr_carea' id='block_1_2' title="bbox 82 599 1287 4548">
    <p class='ocr_par' dir='ltr' id='par_1_2' title="bbox 108 599 1283 790">
     <span class='ocr_line' id='line_1_2' title="bbox 199 599 1283 684; baseline 0.003 -19"><span class='ocrx_word' id='word_1_2' title='bbox 199 600 239 665; x_wconf 90' lang='lat' dir='ltr'><strong><em>In</em></strong></span> <span class='ocrx_word' id='word_1_3' title='bbox 268 602 413 669; x_wconf 82' lang='lat' dir='ltr'><strong>omnibus</strong></span> <span class='ocrx_word' id='word_1_4' title='bbox 445 600 582 683; x_wconf 88' lang='lat' dir='ltr'><strong>denique</strong></span> <span class='ocrx_word' id='word_1_5' title='bbox 610 602 707 667; x_wconf 85' lang='lat' dir='ltr'><strong>rebus</strong></span> <span class='ocrx_word' id='word_1_6' title='bbox 738 599 874 684; x_wconf 81' lang='lat' dir='ltr'><strong>agendis</strong></span> <span class='ocrx_word' id='word_1_7' title='bbox 903 600 1007 666; x_wconf 86' lang='lat' dir='ltr'><strong>bonus</strong></span> <span class='ocrx_word' id='word_1_8' title='bbox 1036 621 1076 667; x_wconf 87' lang='lat' dir='ltr'><strong><em>ae</em></strong></span> <span class='ocrx_word' id='word_1_9' title='bbox 1098 620 1194 668; x_wconf 87' lang='lat' dir='ltr'><strong>verus</strong></span> <span class='ocrx_word' id='word_1_10' title='bbox 1224 622 1283 669; x_wconf 86' lang='lat' dir='ltr'><strong><em>rex</em></strong></span> 
     </span>
     <span class='ocr_line' id='line_1_3' title="bbox 108 707 620 790; baseline 0 -18"><span class='ocrx_word' id='word_1_11' title='bbox 108 708 216 790; x_wconf 82' lang='lat' dir='ltr'><strong>legem</strong></span> <span class='ocrx_word' id='word_1_12' title='bbox 240 707 376 790; x_wconf 83' lang='lat' dir='ltr'>respicit</span> <span class='ocrx_word' id='word_1_13' title='bbox 399 712 434 773; x_wconf 88' lang='lat' dir='ltr'><strong><em>et</em></strong></span> <span class='ocrx_word' id='word_1_14' title='bbox 457 709 620 774; x_wconf 83' lang='lat' dir='ltr'><strong>observat.</strong></span> 
     </span>
    </p>

    <p class='ocr_par' dir='ltr' id='par_1_3' title="bbox 109 806 1285 1218">
     <span class='ocr_line' id='line_1_4' title="bbox 109 806 1285 902; baseline 0.002 -23"><span class='ocrx_word' id='word_1_15' title='bbox 109 815 195 879; x_wconf 85' lang='lat' dir='ltr'><strong>Xen.</strong></span> <span class='ocrx_word' id='word_1_16' title='bbox 212 823 250 877; x_wconf 84' lang='lat' dir='ltr'><strong><em>K.</em></strong></span> <span class='ocrx_word' id='word_1_17' title='bbox 267 813 355 878; x_wconf 93' lang='grc' dir='ltr'><strong><em>παιδ.</em></strong></span> <span class='ocrx_word' id='word_1_18' title='bbox 373 815 399 898; x_wconf 91' lang='grc' dir='ltr'><strong><em>Ι,</em></strong></span> <span class='ocrx_word' id='word_1_19' title='bbox 418 821 447 898; x_wconf 90' lang='lat'><strong><em>3,</em></strong></span> <span class='ocrx_word' id='word_1_20' title='bbox 467 820 505 878; x_wconf 88' lang='lat'><strong><em>18</em></strong></span> <span class='ocrx_word' id='word_1_21' title='bbox 529 817 644 900; x_wconf 83' lang='grc' dir='ltr'><strong><em>μέτρον</em></strong></span> <span class='ocrx_word' id='word_1_22' title='bbox 668 813 701 878; x_wconf 82' lang='grc' dir='ltr'><strong><em>δὲ</em></strong></span> <span class='ocrx_word' id='word_1_23' title='bbox 724 806 811 900; x_wconf 71' lang='grc' dir='ltr'><strong><em>αὐτῷ</em></strong></span> <span class='ocrx_word' id='word_1_24' title='bbox 835 806 890 896; x_wconf 75' lang='grc' dir='ltr'><strong><em>οὐχ</em></strong></span> <span class='ocrx_word' id='word_1_25' title='bbox 913 807 1031 902; x_wconf 71' lang='grc' dir='ltr'><strong><em>ἡψυχδ</em></strong></span> <span class='ocrx_word' id='word_1_26' title='bbox 1056 807 1124 878; x_wconf 75' lang='grc' dir='ltr'><strong><em>ἄλλ’</em></strong></span> <span class='ocrx_word' id='word_1_27' title='bbox 1149 808 1166 879; x_wconf 86' lang='grc' dir='ltr'><strong><em>δ</em></strong></span> <span class='ocrx_word' id='word_1_28' title='bbox 1188 814 1285 899; x_wconf 87' lang='grc' dir='ltr'><strong><em>νόμος</em></strong></span> 
     </span>
     <span class='ocr_line' id='line_1_5' title="bbox 245 917 1284 1005; baseline 0.005 -22"><span class='ocrx_word' id='word_1_29' title='bbox 245 917 340 985; x_wconf 79' lang='grc' dir='ltr'><strong><em>ἐστίν.</em></strong></span> <span class='ocrx_word' id='word_1_30' title='bbox 387 921 414 1005; x_wconf 90' lang='grc' dir='ltr'><strong><em>Ι,</em></strong></span> <span class='ocrx_word' id='word_1_31' title='bbox 440 927 469 1005; x_wconf 90' lang='grc'><strong><em>3,</em></strong></span> <span class='ocrx_word' id='word_1_32' title='bbox 496 927 534 985; x_wconf 86' lang='grc'><strong><em>17</em></strong></span> <span class='ocrx_word' id='word_1_33' title='bbox 565 919 603 986; x_wconf 88' lang='grc' dir='ltr'><strong><em>τὸ</em></strong></span> <span class='ocrx_word' id='word_1_34' title='bbox 635 921 693 1004; x_wconf 77' lang='grc' dir='ltr'><strong><em>μὲν</em></strong></span> <span class='ocrx_word' id='word_1_35' title='bbox 727 921 862 1004; x_wconf 88' lang='grc' dir='ltr'><strong><em>νόμιμον</em></strong></span> <span class='ocrx_word' id='word_1_36' title='bbox 897 922 1018 987; x_wconf 90' lang='grc' dir='ltr'><strong><em>δίκαιον</em></strong></span> <span class='ocrx_word' id='word_1_37' title='bbox 1052 917 1144 1001; x_wconf 80' lang='grc' dir='ltr'><strong><em>εἶναι,</em></strong></span> <span class='ocrx_word' id='word_1_38' title='bbox 1180 922 1217 988; x_wconf 87' lang='grc' dir='ltr'><strong><em>τὸ</em></strong></span> <span class='ocrx_word' id='word_1_39' title='bbox 1252 923 1284 988; x_wconf 82' lang='grc' dir='ltr'><strong><em>δὲ</em></strong></span> 
     </span>
     <span class='ocr_line' id='line_1_6' title="bbox 244 1020 1283 1114; baseline 0.003 -23"><span class='ocrx_word' id='word_1_40' title='bbox 244 1020 362 1109; x_wconf 83' lang='grc' dir='ltr'><strong><em>άνομον</em></strong></span> <span class='ocrx_word' id='word_1_41' title='bbox 383 1031 498 1111; x_wconf 76' lang='grc' dir='ltr'><strong><em>βίαιον.</em></strong></span> <span class='ocrx_word' id='word_1_42' title='bbox 545 1027 661 1093; x_wconf 88' lang='grc' dir='ltr'><strong><em>Λακεδ.</em></strong></span> <span class='ocrx_word' id='word_1_43' title='bbox 685 1030 758 1094; x_wconf 95' lang='grc' dir='ltr'><strong><em>πολ.</em></strong></span> <span class='ocrx_word' id='word_1_44' title='bbox 786 1036 836 1114; x_wconf 92' lang='grc'><strong><em>15,</em></strong></span> <span class='ocrx_word' id='word_1_45' title='bbox 863 1039 880 1096; x_wconf 86' lang='grc'>7</span> <span class='ocrx_word' id='word_1_46' title='bbox 905 1027 985 1093; x_wconf 85' lang='grc' dir='ltr'><strong><em>κατὰ</em></strong></span> <span class='ocrx_word' id='word_1_47' title='bbox 1015 1029 1090 1106; x_wconf 81' lang='grc' dir='ltr'><strong><em>τοὺς</em></strong></span> <span class='ocrx_word' id='word_1_48' title='bbox 1117 1028 1283 1112; x_wconf 87' lang='grc' dir='ltr'><strong><em>νόμους..</em></strong></span> 
     </span>
     <span class='ocr_line' id='line_1_7' title="bbox 242 1133 431 1218; baseline 0 -21"><span class='ocrx_word' id='word_1_49' title='bbox 242 1133 431 1218; x_wconf 73' lang='grc' dir='ltr'><em>βασιλεύειν.</em></span> 
     </span>
    </p>

    <p class='ocr_par' dir='ltr' id='par_1_4' title="bbox 82 1232 1286 1653">
     <span class='ocr_line' id='line_1_8' title="bbox 82 1232 1285 1332; baseline -0.001 -23"><span class='ocrx_word' id='word_1_50' title='bbox 82 1232 84 1235; x_wconf 31' lang='grc'><strong>’</strong></span> <span class='ocrx_word' id='word_1_51' title='bbox 155 1243 217 1309; x_wconf 82' lang='lat' dir='ltr'><strong><em>Dio</em></strong></span> <span class='ocrx_word' id='word_1_52' title='bbox 240 1262 270 1325; x_wconf 87' lang='lat' dir='ltr'><strong><em>p.</em></strong></span> <span class='ocrx_word' id='word_1_53' title='bbox 293 1247 357 1306; x_wconf 91' lang='grc'><strong><em>114</em></strong></span> <span class='ocrx_word' id='word_1_54' title='bbox 385 1233 402 1304; x_wconf 86' lang='grc' dir='ltr'><strong><em>δ</em></strong></span> <span class='ocrx_word' id='word_1_55' title='bbox 425 1240 458 1305; x_wconf 83' lang='grc' dir='ltr'><strong><em>δὲ</em></strong></span> <span class='ocrx_word' id='word_1_56' title='bbox 481 1239 577 1323; x_wconf 87' lang='grc' dir='ltr'><strong><em>νόμος</em></strong></span> <span class='ocrx_word' id='word_1_57' title='bbox 603 1243 760 1325; x_wconf 69' lang='grc' dir='ltr'><strong><em>βασιλέως</em></strong></span> <span class='ocrx_word' id='word_1_58' title='bbox 782 1242 894 1329; x_wconf 74' lang='grc' dir='ltr'><strong><em>δόγμα·</em></strong></span> <span class='ocrx_word' id='word_1_59' title='bbox 920 1237 936 1310; x_wconf 81' lang='grc' dir='ltr'><em>ὃ</em></span> <span class='ocrx_word' id='word_1_60' title='bbox 960 1243 993 1309; x_wconf 78' lang='grc' dir='ltr'><strong><em>δὲ</em></strong></span> <span class='ocrx_word' id='word_1_61' title='bbox 1015 1243 1166 1332; x_wconf 80' lang='grc' dir='ltr'><strong><em>τύραννος</em></strong></span> <span class='ocrx_word' id='word_1_62' title='bbox 1188 1244 1243 1309; x_wconf 85' lang='grc' dir='ltr'><strong><em>καὶ</em></strong></span> <span class='ocrx_word' id='word_1_63' title='bbox 1266 1238 1285 1332; x_wconf 80' lang='grc' dir='ltr'>ἡ</span> 
     </span>
     <span class='ocr_line' id='line_1_9' title="bbox 243 1345 1286 1439; baseline 0.004 -27"><span class='ocrx_word' id='word_1_64' title='bbox 243 1349 387 1434; x_wconf 82' lang='grc' dir='ltr'><strong><em>τυραννὶς</em></strong></span> <span class='ocrx_word' id='word_1_65' title='bbox 416 1345 556 1414; x_wconf 74' lang='grc' dir='ltr'><strong><em>ἐναντίον</em></strong></span> <span class='ocrx_word' id='word_1_66' title='bbox 583 1349 711 1427; x_wconf 82' lang='grc' dir='ltr'><strong><em>τούτοις</em></strong></span> <span class='ocrx_word' id='word_1_67' title='bbox 737 1356 842 1434; x_wconf 76' lang='grc' dir='ltr'><strong><em>βίαιον</em></strong></span> <span class='ocrx_word' id='word_1_68' title='bbox 873 1353 928 1416; x_wconf 83' lang='grc' dir='ltr'><strong><em>καί</em></strong></span> <span class='ocrx_word' id='word_1_69' title='bbox 961 1351 1148 1438; x_wconf 91' lang='grc' dir='ltr'><strong><em>παράνομος</em></strong></span> <span class='ocrx_word' id='word_1_70' title='bbox 1173 1361 1286 1439; x_wconf 73' lang='grc' dir='ltr'><strong><em>χρῆσις</em></strong></span> 
     </span>
     <span class='ocr_line' id='line_1_10' title="bbox 244 1449 1283 1543; baseline 0.007 -24"><span class='ocrx_word' id='word_1_71' title='bbox 244 1449 431 1541; x_wconf 72' lang='grc' dir='ltr'><strong><em>άνθρυίπων</em></strong></span> <span class='ocrx_word' id='word_1_72' title='bbox 464 1465 520 1521; x_wconf 83' lang='grc' dir='ltr'><strong><em>τοῦ</em></strong></span> <span class='ocrx_word' id='word_1_73' title='bbox 556 1458 721 1536; x_wconf 83' lang='grc' dir='ltr'><strong><em>δοκοῦντος</em></strong></span> <span class='ocrx_word' id='word_1_74' title='bbox 756 1458 875 1540; x_wconf 79' lang='grc' dir='ltr'><em>ἰσχύειν</em></span> <span class='ocrx_word' id='word_1_75' title='bbox 910 1460 1016 1524; x_wconf 84' lang='grc' dir='ltr'><strong><em>πλέον.</em></strong></span> <span class='ocrx_word' id='word_1_76' title='bbox 1071 1479 1101 1543; x_wconf 87' lang='lat' dir='ltr'><strong><em>p.</em></strong></span> <span class='ocrx_word' id='word_1_77' title='bbox 1132 1467 1173 1525; x_wconf 88' lang='lat'><strong><em>98</em></strong></span> <span class='ocrx_word' id='word_1_78' title='bbox 1202 1462 1283 1526; x_wconf 84' lang='lat' dir='ltr'><strong>med.</strong></span> 
     </span>
     <span class='ocr_line' id='line_1_11' title="bbox 244 1562 1225 1653; baseline 0.002 -25"><span class='ocrx_word' id='word_1_79' title='bbox 244 1562 438 1649; x_wconf 88' lang='grc' dir='ltr'><strong><em>παρανόμων</em></strong></span> <span class='ocrx_word' id='word_1_80' title='bbox 460 1563 629 1650; x_wconf 90' lang='grc' dir='ltr'><strong><em>τυράννων.</em></strong></span> <span class='ocrx_word' id='word_1_81' title='bbox 675 1585 706 1648; x_wconf 89' lang='lat' dir='ltr'><strong><em>p.</em></strong></span> <span class='ocrx_word' id='word_1_82' title='bbox 734 1572 795 1631; x_wconf 89' lang='lat'><strong><em>113</em></strong></span> <span class='ocrx_word' id='word_1_83' title='bbox 821 1565 849 1631; x_wconf 87' lang='grc' dir='ltr'><strong><em>εί</em></strong></span> <span class='ocrx_word' id='word_1_84' title='bbox 873 1565 906 1630; x_wconf 79' lang='grc' dir='ltr'><strong><em>δὲ</em></strong></span> <span class='ocrx_word' id='word_1_85' title='bbox 930 1616 937 1630; x_wconf 92' lang='grc'><strong>.</strong></span> <span class='ocrx_word' id='word_1_86' title='bbox 964 1617 971 1629; x_wconf 90' lang='grc'><strong>.</strong></span> <span class='ocrx_word' id='word_1_87' title='bbox 997 1617 1004 1629; x_wconf 93' lang='grc'><strong>.</strong></span> <span class='ocrx_word' id='word_1_88' title='bbox 1029 1565 1225 1653; x_wconf 90' lang='grc' dir='ltr'><strong><em>παράνομος.</em></strong></span> 
     </span>
    </p>

    <p class='ocr_par' dir='ltr' id='par_1_5' title="bbox 106 1671 1287 1970">
     <span class='ocr_line' id='line_1_12' title="bbox 201 1671 1287 1756; baseline 0.002 -18"><span class='ocrx_word' id='word_1_89' title='bbox 201 1673 350 1738; x_wconf 85' lang='lat' dir='ltr'><strong>Summae</strong></span> <span class='ocrx_word' id='word_1_90' title='bbox 384 1673 485 1755; x_wconf 80' lang='lat' dir='ltr'><strong>igitur</strong></span> <span class='ocrx_word' id='word_1_91' title='bbox 519 1671 660 1740; x_wconf 85' lang='lat' dir='ltr'><strong>virtutes</strong></span> <span class='ocrx_word' id='word_1_92' title='bbox 695 1693 715 1739; x_wconf 92' lang='lat' dir='ltr'><strong>a</strong></span> <span class='ocrx_word' id='word_1_93' title='bbox 749 1693 827 1756; x_wconf 82' lang='lat' dir='ltr'><strong>rege</strong></span> <span class='ocrx_word' id='word_1_94' title='bbox 866 1675 1085 1756; x_wconf 87' lang='lat' dir='ltr'><strong>praestandae</strong></span> <span class='ocrx_word' id='word_1_95' title='bbox 1121 1679 1211 1756; x_wconf 81' lang='lat' dir='ltr'><strong>snnt3</strong></span> <span class='ocrx_word' id='word_1_96' title='bbox 1250 1680 1287 1740; x_wconf 86' lang='lat' dir='ltr'><strong><em>at</em></strong></span> 
     </span>
     <span class='ocr_line' id='line_1_13' title="bbox 106 1779 1286 1862; baseline 0 -16"><span class='ocrx_word' id='word_1_97' title='bbox 106 1783 240 1846; x_wconf 86' lang='lat' dir='ltr'><strong>levatur</strong></span> <span class='ocrx_word' id='word_1_98' title='bbox 273 1779 308 1843; x_wconf 95' lang='lat' dir='ltr'><strong><em>in</em></strong></span> <span class='ocrx_word' id='word_1_99' title='bbox 341 1780 519 1845; x_wconf 86' lang='lat' dir='ltr'><strong>laborando</strong></span> <span class='ocrx_word' id='word_1_100' title='bbox 555 1785 652 1860; x_wconf 88' lang='lat' dir='ltr'><strong>atque</strong></span> <span class='ocrx_word' id='word_1_101' title='bbox 687 1780 835 1846; x_wconf 86' lang='lat' dir='ltr'><strong>elevatur</strong></span> <span class='ocrx_word' id='word_1_102' title='bbox 869 1798 906 1844; x_wconf 86' lang='grc' dir='ltr'><strong><em>ευ</em></strong></span> <span class='ocrx_word' id='word_1_103' title='bbox 942 1781 1025 1862; x_wconf 86' lang='lat' dir='ltr'>quod</span> <span class='ocrx_word' id='word_1_104' title='bbox 1055 1780 1193 1846; x_wconf 85' lang='lat' dir='ltr'><strong>omnium</strong></span> <span class='ocrx_word' id='word_1_105' title='bbox 1217 1780 1286 1847; x_wconf 89' lang='lat' dir='ltr'><strong>fere</strong></span> 
     </span>
     <span class='ocr_line' id='line_1_14' title="bbox 107 1886 1118 1970; baseline 0 -17"><span class='ocrx_word' id='word_1_106' title='bbox 107 1887 212 1953; x_wconf 87' lang='lat' dir='ltr'><strong>oeulis</strong></span> <span class='ocrx_word' id='word_1_107' title='bbox 235 1888 432 1970; x_wconf 77' lang='lat' dir='ltr'><strong>conspicitur</strong></span> <span class='ocrx_word' id='word_1_108' title='bbox 456 1906 515 1952; x_wconf 84' lang='lat' dir='ltr'><strong><em>nee</em></strong></span> <span class='ocrx_word' id='word_1_109' title='bbox 538 1887 607 1952; x_wconf 87' lang='lat' dir='ltr'><strong>sine</strong></span> <span class='ocrx_word' id='word_1_110' title='bbox 632 1886 846 1952; x_wconf 80' lang='lat' dir='ltr'><strong>admiratione</strong></span> <span class='ocrx_word' id='word_1_111' title='bbox 870 1893 946 1952; x_wconf 86' lang='lat' dir='ltr'><strong>sunt</strong></span> <span class='ocrx_word' id='word_1_112' title='bbox 968 1887 1118 1954; x_wconf 86' lang='lat' dir='ltr'><strong>virtutes.</strong></span> 
     </span>
    </p>

    <p class='ocr_par' dir='ltr' id='par_1_6' title="bbox 106 1984 1287 2722">
     <span class='ocr_line' id='line_1_15' title="bbox 106 1984 1286 2081; baseline -0.003 -21"><span class='ocrx_word' id='word_1_113' title='bbox 106 1996 195 2060; x_wconf 84' lang='lat' dir='ltr'><strong>Xen.</strong></span> <span class='ocrx_word' id='word_1_114' title='bbox 209 1986 311 2081; x_wconf 65' lang='lat' dir='ltr'><strong><em>f&#39;lyayo.</em></strong></span> <span class='ocrx_word' id='word_1_115' title='bbox 330 2001 359 2077; x_wconf 86' lang='lat'><strong><em>5,</em></strong></span> <span class='ocrx_word' id='word_1_116' title='bbox 383 2001 399 2058; x_wconf 86' lang='lat'><strong>7</strong></span> <span class='ocrx_word' id='word_1_117' title='bbox 424 1992 586 2079; x_wconf 86' lang='grc' dir='ltr'><strong><em>μάρτυρας</em></strong></span> <span class='ocrx_word' id='word_1_118' title='bbox 609 1991 683 2068; x_wconf 83' lang='grc' dir='ltr'><strong><em>τοὺς</em></strong></span> <span class='ocrx_word' id='word_1_119' title='bbox 705 1991 836 2057; x_wconf 91' lang='grc' dir='ltr'><strong><em>πάντων</em></strong></span> <span class='ocrx_word' id='word_1_120' title='bbox 860 1984 1053 2080; x_wconf 68' lang='grc' dir='ltr'><strong><em>ὀφθαλμοὺς</em></strong></span> <span class='ocrx_word' id='word_1_121' title='bbox 1076 2002 1131 2081; x_wconf 72' lang='grc' dir='ltr'><strong><em>τῆς</em></strong></span> <span class='ocrx_word' id='word_1_122' title='bbox 1154 2013 1286 2081; x_wconf 83' lang='grc' dir='ltr'><strong><em>σωφρο-</em></strong></span> 
     </span>
     <span class='ocr_line' id='line_1_16' title="bbox 245 2095 1287 2187; baseline 0.002 -25"><span class='ocrx_word' id='word_1_123' title='bbox 245 2099 338 2187; x_wconf 81' lang='grc' dir='ltr'><strong><em>σίνης</em></strong></span> <span class='ocrx_word' id='word_1_124' title='bbox 361 2099 562 2182; x_wconf 84' lang='grc' dir='ltr'><strong><em>ποιούμενος.</em></strong></span> <span class='ocrx_word' id='word_1_125' title='bbox 611 2105 639 2184; x_wconf 88' lang='lat'><strong><em>5,</em></strong></span> <span class='ocrx_word' id='word_1_126' title='bbox 664 2106 683 2164; x_wconf 87' lang='grc'><strong>6</strong></span> <span class='ocrx_word' id='word_1_127' title='bbox 707 2099 746 2162; x_wconf 85' lang='grc' dir='ltr'><strong><em>τὰ</em></strong></span> <span class='ocrx_word' id='word_1_128' title='bbox 776 2098 809 2163; x_wconf 80' lang='grc' dir='ltr'><strong><em>δὲ</em></strong></span> <span class='ocrx_word' id='word_1_129' title='bbox 836 2097 956 2176; x_wconf 87' lang='grc' dir='ltr'><strong><em>πάντες</em></strong></span> <span class='ocrx_word' id='word_1_130' title='bbox 987 2097 1207 2181; x_wconf 76' lang='grc' dir='ltr'><strong><em>ἐπιστάμεθα,</em></strong></span> <span class='ocrx_word' id='word_1_131' title='bbox 1236 2095 1287 2164; x_wconf 79' lang='grc' dir='ltr'><strong><em>δτι</em></strong></span> 
     </span>
     <span class='ocr_line' id='line_1_17' title="bbox 244 2199 1287 2294; baseline 0.002 -24"><span class='ocrx_word' id='word_1_132' title='bbox 244 2201 358 2293; x_wconf 77' lang='grc' dir='ltr'><strong><em>ἥκιστα</em></strong></span> <span class='ocrx_word' id='word_1_133' title='bbox 380 2205 438 2288; x_wconf 82' lang='grc' dir='ltr'><strong><em>μὲν</em></strong></span> <span class='ocrx_word' id='word_1_134' title='bbox 462 2205 492 2271; x_wconf 82' lang='grc' dir='ltr'><strong><em>οἱ</em></strong></span> <span class='ocrx_word' id='word_1_135' title='bbox 517 2205 771 2294; x_wconf 79' lang='grc' dir='ltr'><strong><em>ἑπιφανίστατοι</em></strong></span> <span class='ocrx_word' id='word_1_136' title='bbox 786 2215 850 2271; x_wconf 84' lang='grc' dir='ltr'><strong><em>τῶν</em></strong></span> <span class='ocrx_word' id='word_1_137' title='bbox 866 2199 1054 2293; x_wconf 71' lang='grc' dir='ltr'><strong><em>άνθρώπων</em></strong></span> <span class='ocrx_word' id='word_1_138' title='bbox 1071 2206 1287 2272; x_wconf 72' lang='grc' dir='ltr'><strong><em>λανθάνουσιν</em></strong></span> 
     </span>
     <span class='ocr_line' id='line_1_18' title="bbox 245 2305 1286 2398; baseline 0 -20"><span class='ocrx_word' id='word_1_139' title='bbox 245 2308 263 2378; x_wconf 76' lang='lat' dir='ltr'><strong><em>t&#39;</em></strong></span> <span class='ocrx_word' id='word_1_140' title='bbox 285 2337 318 2376; x_wconf 93' lang='grc' dir='ltr'><strong><em>τι</em></strong></span> <span class='ocrx_word' id='word_1_141' title='bbox 341 2309 380 2378; x_wconf 79' lang='grc' dir='ltr'><strong><em>δν</em></strong></span> <span class='ocrx_word' id='word_1_142' title='bbox 400 2323 550 2379; x_wconf 78' lang='grc' dir='ltr'><strong><em>ποιῶσιν.</em></strong></span> <span class='ocrx_word' id='word_1_143' title='bbox 597 2322 635 2378; x_wconf 90' lang='grc' dir='ltr'><strong><em>Κ.</em></strong></span> <span class='ocrx_word' id='word_1_144' title='bbox 659 2313 748 2378; x_wconf 91' lang='grc' dir='ltr'><strong><em>παιδ.</em></strong></span> <span class='ocrx_word' id='word_1_145' title='bbox 769 2314 795 2398; x_wconf 94' lang='grc' dir='ltr'><strong><em>Ι,</em></strong></span> <span class='ocrx_word' id='word_1_146' title='bbox 821 2322 850 2398; x_wconf 88' lang='grc'><strong><em>6,</em></strong></span> <span class='ocrx_word' id='word_1_147' title='bbox 875 2320 915 2378; x_wconf 79' lang='lat'><strong><em>25</em></strong></span> <span class='ocrx_word' id='word_1_148' title='bbox 941 2312 972 2377; x_wconf 82' lang='grc' dir='ltr'><strong><em>οἱ</em></strong></span> <span class='ocrx_word' id='word_1_149' title='bbox 996 2305 1088 2378; x_wconf 76' lang='grc' dir='ltr'><strong><em>αὐτοὶ</em></strong></span> <span class='ocrx_word' id='word_1_150' title='bbox 1111 2313 1207 2379; x_wconf 90' lang='grc' dir='ltr'><strong><em>πόνοι</em></strong></span> <span class='ocrx_word' id='word_1_151' title='bbox 1231 2306 1286 2395; x_wconf 75' lang='grc' dir='ltr'><strong><em>οὐχ</em></strong></span> 
     </span>
     <span class='ocr_line' id='line_1_19' title="bbox 245 2411 1286 2507; baseline 0 -23"><span class='ocrx_word' id='word_1_152' title='bbox 245 2414 363 2502; x_wconf 83' lang='grc' dir='ltr'><strong><em>ὁμοίως</em></strong></span> <span class='ocrx_word' id='word_1_153' title='bbox 393 2415 552 2486; x_wconf 74' lang='grc' dir='ltr'><strong><em>ἅπτονται</em></strong></span> <span class='ocrx_word' id='word_1_154' title='bbox 581 2415 732 2506; x_wconf 83' lang='grc' dir='ltr'><strong><em>άρχοντάς</em></strong></span> <span class='ocrx_word' id='word_1_155' title='bbox 759 2445 794 2485; x_wconf 90' lang='grc' dir='ltr'><strong><em>τε</em></strong></span> <span class='ocrx_word' id='word_1_156' title='bbox 823 2413 934 2507; x_wconf 84' lang='grc' dir='ltr'><strong><em>άνδρὸς</em></strong></span> <span class='ocrx_word' id='word_1_157' title='bbox 961 2421 1016 2484; x_wconf 83' lang='grc' dir='ltr'><strong><em>καὶ</em></strong></span> <span class='ocrx_word' id='word_1_158' title='bbox 1044 2419 1183 2500; x_wconf 83' lang='grc' dir='ltr'><strong><em>ἰδιώτου,</em></strong></span> <span class='ocrx_word' id='word_1_159' title='bbox 1216 2411 1286 2484; x_wconf 75' lang='grc' dir='ltr'><strong><em>ἄλλ’</em></strong></span> 
     </span>
     <span class='ocr_line' id='line_1_20' title="bbox 245 2519 1286 2616; baseline -0.002 -23"><span class='ocrx_word' id='word_1_160' title='bbox 245 2527 447 2615; x_wconf 76' lang='grc' dir='ltr'><strong><em>ἐπικουφίζει</em></strong></span> <span class='ocrx_word' id='word_1_161' title='bbox 470 2554 502 2592; x_wconf 92' lang='grc' dir='ltr'><strong><em>τι</em></strong></span> <span class='ocrx_word' id='word_1_162' title='bbox 525 2521 544 2615; x_wconf 69' lang='grc' dir='ltr'>ἡ</span> <span class='ocrx_word' id='word_1_163' title='bbox 567 2528 643 2616; x_wconf 81' lang='grc' dir='ltr'><strong><em>τιμὴ</em></strong></span> <span class='ocrx_word' id='word_1_164' title='bbox 666 2528 741 2606; x_wconf 81' lang='grc' dir='ltr'><strong><em>τους</em></strong></span> <span class='ocrx_word' id='word_1_165' title='bbox 768 2527 886 2605; x_wconf 81' lang='grc' dir='ltr'><strong><em>πόνους</em></strong></span> <span class='ocrx_word' id='word_1_166' title='bbox 909 2537 955 2615; x_wconf 67' lang='grc' dir='ltr'><strong><em>τρὶ</em></strong></span> <span class='ocrx_word' id='word_1_167' title='bbox 979 2521 1107 2615; x_wconf 85' lang='grc' dir='ltr'><strong><em>άρχοντι</em></strong></span> <span class='ocrx_word' id='word_1_168' title='bbox 1130 2528 1184 2592; x_wconf 88' lang='grc' dir='ltr'><strong><em>καὶ</em></strong></span> <span class='ocrx_word' id='word_1_169' title='bbox 1208 2519 1286 2591; x_wconf 80' lang='grc' dir='ltr'><strong><em>αδτδ</em></strong></span> 
     </span>
     <span class='ocr_line' id='line_1_21' title="bbox 244 2628 1039 2722; baseline 0 -24"><span class='ocrx_word' id='word_1_170' title='bbox 244 2634 281 2699; x_wconf 86' lang='grc' dir='ltr'><strong><em>τὸ</em></strong></span> <span class='ocrx_word' id='word_1_171' title='bbox 304 2634 420 2700; x_wconf 82' lang='grc' dir='ltr'><strong><em>εἰδέναι</em></strong></span> <span class='ocrx_word' id='word_1_172' title='bbox 444 2629 495 2700; x_wconf 78' lang='grc' dir='ltr'><strong><em>δτι</em></strong></span> <span class='ocrx_word' id='word_1_173' title='bbox 520 2628 555 2700; x_wconf 80' lang='grc' dir='ltr'><strong><em>οδ</em></strong></span> <span class='ocrx_word' id='word_1_174' title='bbox 601 2635 766 2715; x_wconf 73' lang='grc' dir='ltr'><strong><em>λανθάνει,</em></strong></span> <span class='ocrx_word' id='word_1_175' title='bbox 792 2630 809 2700; x_wconf 80' lang='grc' dir='ltr'>ὅ</span> <span class='ocrx_word' id='word_1_176' title='bbox 832 2661 864 2700; x_wconf 92' lang='grc' dir='ltr'><strong><em>τι</em></strong></span> <span class='ocrx_word' id='word_1_177' title='bbox 887 2630 926 2701; x_wconf 83' lang='grc' dir='ltr'><strong><em>δν</em></strong></span> <span class='ocrx_word' id='word_1_178' title='bbox 949 2644 1039 2722; x_wconf 73' lang='grc' dir='ltr'><strong><em>ποιῇ.</em></strong></span> 
     </span>
    </p>

    <p class='ocr_par' dir='ltr' id='par_1_7' title="bbox 155 2733 1286 3153">
     <span class='ocr_line' id='line_1_22' title="bbox 155 2733 1286 2830; baseline -0.002 -23"><span class='ocrx_word' id='word_1_179' title='bbox 155 2742 217 2808; x_wconf 86' lang='lat' dir='ltr'><strong><em>Dio</em></strong></span> <span class='ocrx_word' id='word_1_180' title='bbox 242 2761 270 2825; x_wconf 83' lang='lat' dir='ltr'><strong><em>p.</em></strong></span> <span class='ocrx_word' id='word_1_181' title='bbox 298 2749 360 2808; x_wconf 88' lang='grc'><strong><em>105</em></strong></span> <span class='ocrx_word' id='word_1_182' title='bbox 384 2743 427 2808; x_wconf 88' lang='lat' dir='ltr'><strong><em>in.</em></strong></span> <span class='ocrx_word' id='word_1_183' title='bbox 453 2748 524 2808; x_wconf 89' lang='grc' dir='ltr'><strong><em>τίνα</em></strong></span> <span class='ocrx_word' id='word_1_184' title='bbox 548 2743 721 2825; x_wconf 79' lang='grc' dir='ltr'><strong><em>δὲμᾶλλον</em></strong></span> <span class='ocrx_word' id='word_1_185' title='bbox 745 2735 898 2830; x_wconf 71' lang='grc' dir='ltr'><strong><em>εὐφρανεῖ</em></strong></span> <span class='ocrx_word' id='word_1_186' title='bbox 920 2742 959 2807; x_wconf 83' lang='grc' dir='ltr'><strong><em>τά</em></strong></span> <span class='ocrx_word' id='word_1_187' title='bbox 985 2740 1060 2828; x_wconf 72' lang='grc' dir='ltr'><strong><em>ἔργα</em></strong></span> <span class='ocrx_word' id='word_1_188' title='bbox 1089 2751 1146 2828; x_wconf 68' lang='grc' dir='ltr'><strong><em>τῆς</em></strong></span> <span class='ocrx_word' id='word_1_189' title='bbox 1173 2733 1286 2829; x_wconf 74' lang='grc' dir='ltr'><strong><em>άρετὴς</em></strong></span> 
     </span>
     <span class='ocr_line' id='line_1_23' title="bbox 244 2843 1286 2938; baseline 0 -26"><span class='ocrx_word' id='word_1_190' title='bbox 244 2844 263 2936; x_wconf 75' lang='grc' dir='ltr'>ἢ</span> <span class='ocrx_word' id='word_1_191' title='bbox 285 2848 340 2913; x_wconf 86' lang='grc' dir='ltr'><strong><em>τὸν</em></strong></span> <span class='ocrx_word' id='word_1_192' title='bbox 364 2849 552 2932; x_wconf 85' lang='grc' dir='ltr'><strong><em>σύμπαντας</em></strong></span> <span class='ocrx_word' id='word_1_193' title='bbox 568 2843 766 2938; x_wconf 72' lang='grc' dir='ltr'><strong><em>άνίίραίπους</em></strong></span> <span class='ocrx_word' id='word_1_194' title='bbox 781 2849 906 2927; x_wconf 75' lang='grc' dir='ltr'><strong><em>θεατὰς</em></strong></span> <span class='ocrx_word' id='word_1_195' title='bbox 928 2851 982 2914; x_wconf 83' lang='grc' dir='ltr'><strong><em>καὶ</em></strong></span> <span class='ocrx_word' id='word_1_196' title='bbox 997 2849 1160 2938; x_wconf 86' lang='grc' dir='ltr'><strong><em>μάρτυρας</em></strong></span> <span class='ocrx_word' id='word_1_197' title='bbox 1176 2847 1286 2930; x_wconf 68' lang='grc' dir='ltr'><strong><em>ἔχοντα</em></strong></span> 
     </span>
     <span class='ocr_line' id='line_1_24' title="bbox 242 2949 1285 3048; baseline 0.001 -29"><span class='ocrx_word' id='word_1_198' title='bbox 242 2964 298 3044; x_wconf 74' lang='grc' dir='ltr'><strong><em>τῆς</em></strong></span> <span class='ocrx_word' id='word_1_199' title='bbox 326 2949 423 3021; x_wconf 78' lang='grc' dir='ltr'><strong><em>αὑτοῦ</em></strong></span> <span class='ocrx_word' id='word_1_200' title='bbox 456 2967 573 3048; x_wconf 61' lang='grc' dir='ltr'><strong><em>ψυχῆς·</em></strong></span> <span class='ocrx_word' id='word_1_201' title='bbox 602 2953 686 3023; x_wconf 78' lang='grc' dir='ltr'><strong><em>ὥστε</em></strong></span> <span class='ocrx_word' id='word_1_202' title='bbox 713 2957 794 3045; x_wconf 78' lang='grc' dir='ltr'><strong><em>μήτε</em></strong></span> <span class='ocrx_word' id='word_1_203' title='bbox 822 2957 980 3044; x_wconf 79' lang='grc' dir='ltr'><strong><em>πράξαντι</em></strong></span> <span class='ocrx_word' id='word_1_204' title='bbox 1012 2955 1080 3022; x_wconf 89' lang='grc' dir='ltr'><strong><em>οίόν</em></strong></span> <span class='ocrx_word' id='word_1_205' title='bbox 1107 2981 1143 3021; x_wconf 89' lang='grc' dir='ltr'><strong><em>τε</em></strong></span> <span class='ocrx_word' id='word_1_206' title='bbox 1170 2956 1285 3021; x_wconf 69' lang='grc' dir='ltr'><strong><em>λαθεῖν</em></strong></span> 
     </span>
     <span class='ocr_line' id='line_1_25' title="bbox 246 3055 1103 3153; baseline -0.001 -26"><span class='ocrx_word' id='word_1_207' title='bbox 246 3055 281 3127; x_wconf 80' lang='grc' dir='ltr'><strong><em>οδ</em></strong></span> <span class='ocrx_word' id='word_1_208' title='bbox 304 3063 423 3144; x_wconf 83' lang='grc' dir='ltr'><strong><em>μαλλον</em></strong></span> <span class='ocrx_word' id='word_1_209' title='bbox 446 3059 465 3153; x_wconf 72' lang='grc' dir='ltr'>ἢ</span> <span class='ocrx_word' id='word_1_210' title='bbox 488 3073 535 3151; x_wconf 70' lang='lat' dir='ltr'><strong><em>aqi</em></strong></span> <span class='ocrx_word' id='word_1_211' title='bbox 558 3059 635 3150; x_wconf 79' lang='grc' dir='ltr'><strong><em>ἡλίῳ</em></strong></span> <span class='ocrx_word' id='word_1_212' title='bbox 659 3064 863 3152; x_wconf 71' lang='grc' dir='ltr'><strong><em>πορεύεσθαι</em></strong></span> <span class='ocrx_word' id='word_1_213' title='bbox 886 3063 937 3128; x_wconf 85' lang='grc' dir='ltr'><strong><em>διά</em></strong></span> <span class='ocrx_word' id='word_1_214' title='bbox 961 3062 1103 3139; x_wconf 86' lang='grc' dir='ltr'><strong><em>σκότους.</em></strong></span> 
     </span>
    </p>

    <p class='ocr_par' dir='ltr' id='par_1_8' title="bbox 102 3170 1286 3558">
     <span class='ocr_line' id='line_1_26' title="bbox 200 3170 1285 3256; baseline -0.001 -21"><span class='ocrx_word' id='word_1_215' title='bbox 200 3172 266 3236; x_wconf 85' lang='grc' dir='ltr'><strong><em>Νοο</em></strong></span> <span class='ocrx_word' id='word_1_216' title='bbox 295 3191 372 3237; x_wconf 85' lang='lat' dir='ltr'><strong>vero</strong></span> <span class='ocrx_word' id='word_1_217' title='bbox 413 3172 561 3239; x_wconf 73' lang='lat' dir='ltr'><strong>sufficere</strong></span> <span class='ocrx_word' id='word_1_218' title='bbox 590 3193 700 3256; x_wconf 82' lang='lat' dir='ltr'><strong>regem</strong></span> <span class='ocrx_word' id='word_1_219' title='bbox 729 3192 802 3238; x_wconf 85' lang='lat' dir='ltr'><strong>esse</strong></span> <span class='ocrx_word' id='word_1_220' title='bbox 830 3174 957 3256; x_wconf 85' lang='lat' dir='ltr'><strong>bonum,</strong></span> <span class='ocrx_word' id='word_1_221' title='bbox 987 3177 1136 3253; x_wconf 76' lang='lat' dir='ltr'>oportere</span> <span class='ocrx_word' id='word_1_222' title='bbox 1165 3170 1285 3235; x_wconf 87' lang='lat' dir='ltr'><strong>amieos</strong></span> 
     </span>
     <span class='ocr_line' id='line_1_27' title="bbox 103 3276 1286 3359; baseline -0.002 -16"><span class='ocrx_word' id='word_1_223' title='bbox 103 3277 182 3343; x_wconf 86' lang='lat' dir='ltr'><strong>eius</strong></span> <span class='ocrx_word' id='word_1_224' title='bbox 209 3284 243 3342; x_wconf 87' lang='lat' dir='ltr'><strong><em>et</em></strong></span> <span class='ocrx_word' id='word_1_225' title='bbox 273 3278 361 3359; x_wconf 85' lang='lat' dir='ltr'><strong>ipses</strong></span> <span class='ocrx_word' id='word_1_226' title='bbox 389 3279 567 3346; x_wconf 86' lang='lat' dir='ltr'><strong>virtutibus</strong></span> <span class='ocrx_word' id='word_1_227' title='bbox 596 3281 791 3347; x_wconf 86' lang='lat' dir='ltr'><strong>antecellere</strong></span> <span class='ocrx_word' id='word_1_228' title='bbox 823 3279 888 3345; x_wconf 92' lang='lat' dir='ltr'><strong><em>iam</em></strong></span> <span class='ocrx_word' id='word_1_229' title='bbox 910 3279 1061 3346; x_wconf 71' lang='lat' dir='ltr'><strong>vidimna</strong></span> <span class='ocrx_word' id='word_1_230' title='bbox 1106 3279 1178 3343; x_wconf 85' lang='lat' dir='ltr'><strong><em>Rex</em></strong></span> <span class='ocrx_word' id='word_1_231' title='bbox 1201 3276 1286 3341; x_wconf 90' lang='lat' dir='ltr'><strong>enim</strong></span> 
     </span>
     <span class='ocr_line' id='line_1_28' title="bbox 102 3383 1286 3470; baseline -0.001 -21"><span class='ocrx_word' id='word_1_232' title='bbox 102 3383 218 3449; x_wconf 88' lang='lat' dir='ltr'><strong>omnia</strong></span> <span class='ocrx_word' id='word_1_233' title='bbox 253 3385 320 3451; x_wconf 83' lang='lat' dir='ltr'><strong>suis</strong></span> <span class='ocrx_word' id='word_1_234' title='bbox 354 3385 426 3467; x_wconf 87' lang='lat' dir='ltr'><strong>ipse</strong></span> <span class='ocrx_word' id='word_1_235' title='bbox 461 3387 585 3454; x_wconf 86' lang='lat' dir='ltr'><strong>viribus</strong></span> <span class='ocrx_word' id='word_1_236' title='bbox 620 3389 775 3470; x_wconf 77' lang='lat' dir='ltr'><strong>perficere</strong></span> <span class='ocrx_word' id='word_1_237' title='bbox 809 3407 873 3452; x_wconf 89' lang='lat' dir='ltr'><strong><em>non</em></strong></span> <span class='ocrx_word' id='word_1_238' title='bbox 906 3392 1026 3470; x_wconf 86' lang='lat' dir='ltr'><strong>potest,</strong></span> <span class='ocrx_word' id='word_1_239' title='bbox 1068 3386 1125 3451; x_wconf 84' lang='lat' dir='ltr'><strong><em>sed</em></strong></span> <span class='ocrx_word' id='word_1_240' title='bbox 1160 3383 1286 3467; x_wconf 79' lang='lat' dir='ltr'><strong>indiget</strong></span> 
     </span>
     <span class='ocr_line' id='line_1_29' title="bbox 103 3491 325 3558; baseline 0 0"><span class='ocrx_word' id='word_1_241' title='bbox 103 3491 325 3558; x_wconf 85' lang='lat' dir='ltr'><strong>adiutoribus.</strong></span> 
     </span>
    </p>

    <p class='ocr_par' dir='ltr' id='par_1_9' title="bbox 102 3592 1286 4197">
     <span class='ocr_line' id='line_1_30' title="bbox 102 3592 1286 3687; baseline -0.003 -23"><span class='ocrx_word' id='word_1_242' title='bbox 102 3599 195 3664; x_wconf 85' lang='lat' dir='ltr'><strong>Xen.</strong></span> <span class='ocrx_word' id='word_1_243' title='bbox 221 3607 258 3661; x_wconf 88' lang='lat' dir='ltr'><strong><em>K.</em></strong></span> <span class='ocrx_word' id='word_1_244' title='bbox 283 3599 371 3662; x_wconf 90' lang='grc' dir='ltr'><strong><em>παιδ.</em></strong></span> <span class='ocrx_word' id='word_1_245' title='bbox 397 3601 490 3684; x_wconf 84' lang='lat' dir='ltr'>VIII,</span> <span class='ocrx_word' id='word_1_246' title='bbox 515 3608 544 3685; x_wconf 88' lang='grc'><strong><em>6,</em></strong></span> <span class='ocrx_word' id='word_1_247' title='bbox 571 3609 610 3666; x_wconf 78' lang='lat'><strong><em>12</em></strong></span> <span class='ocrx_word' id='word_1_248' title='bbox 647 3593 683 3665; x_wconf 77' lang='grc' dir='ltr'><strong><em>ου’</em></strong></span> <span class='ocrx_word' id='word_1_249' title='bbox 711 3601 772 3687; x_wconf 82' lang='grc' dir='ltr'><strong><em>γὰρ</em></strong></span> <span class='ocrx_word' id='word_1_250' title='bbox 807 3596 845 3665; x_wconf 81' lang='grc' dir='ltr'><strong><em>δν</em></strong></span> <span class='ocrx_word' id='word_1_251' title='bbox 879 3600 1028 3686; x_wconf 77' lang='grc' dir='ltr'><strong><em>δυναίμην</em></strong></span> <span class='ocrx_word' id='word_1_252' title='bbox 1063 3595 1126 3682; x_wconf 73' lang='grc' dir='ltr'><strong><em>ἕνα)</em></strong></span> <span class='ocrx_word' id='word_1_253' title='bbox 1161 3594 1208 3673; x_wconf 91' lang='grc' dir='ltr'><strong><em>είς</em></strong></span> <span class='ocrx_word' id='word_1_254' title='bbox 1242 3592 1286 3661; x_wconf 78' lang='grc' dir='ltr'><strong><em>ὢν</em></strong></span> 
     </span>
     <span class='ocr_line' id='line_1_31' title="bbox 244 3697 1284 3794; baseline 0.001 -27"><span class='ocrx_word' id='word_1_255' title='bbox 244 3697 436 3793; x_wconf 72' lang='grc' dir='ltr'><strong><em>άνδρωπίνῃ</em></strong></span> <span class='ocrx_word' id='word_1_256' title='bbox 472 3699 569 3794; x_wconf 71' lang='grc' dir='ltr'><strong><em>άρετῇ</em></strong></span> <span class='ocrx_word' id='word_1_257' title='bbox 601 3707 641 3771; x_wconf 84' lang='grc' dir='ltr'><strong><em>τὰ</em></strong></span> <span class='ocrx_word' id='word_1_258' title='bbox 679 3707 810 3773; x_wconf 88' lang='grc' dir='ltr'><strong><em>πάντων</em></strong></span> <span class='ocrx_word' id='word_1_259' title='bbox 844 3701 932 3790; x_wconf 74' lang='grc' dir='ltr'><strong><em>’ὑμῶν</em></strong></span> <span class='ocrx_word' id='word_1_260' title='bbox 965 3698 1078 3789; x_wconf 74' lang='grc' dir='ltr'><strong><em>άναδά</em></strong></span> <span class='ocrx_word' id='word_1_261' title='bbox 1108 3703 1284 3783; x_wconf 84' lang='grc' dir='ltr'><strong><em>διασώζειν,</em></strong></span> 
     </span>
     <span class='ocr_line' id='line_1_32' title="bbox 246 3803 1285 3898; baseline 0.002 -25"><span class='ocrx_word' id='word_1_262' title='bbox 246 3803 324 3874; x_wconf 65' lang='lat' dir='ltr'><strong>&lt;itta</strong></span> <span class='ocrx_word' id='word_1_263' title='bbox 355 3811 403 3876; x_wconf 90' lang='grc' dir='ltr'><strong><em>δεῖ</em></strong></span> <span class='ocrx_word' id='word_1_264' title='bbox 432 3811 487 3894; x_wconf 78' lang='grc' dir='ltr'><strong><em>ἐμὲ</em></strong></span> <span class='ocrx_word' id='word_1_265' title='bbox 515 3813 573 3894; x_wconf 85' lang='grc' dir='ltr'><strong><em>μὲν</em></strong></span> <span class='ocrx_word' id='word_1_266' title='bbox 602 3806 729 3898; x_wconf 74' lang='grc' dir='ltr'><strong><em>άγαδδν</em></strong></span> <span class='ocrx_word' id='word_1_267' title='bbox 758 3807 833 3878; x_wconf 74' lang='grc' dir='ltr'><strong><em>ὄντα</em></strong></span> <span class='ocrx_word' id='word_1_268' title='bbox 861 3812 918 3878; x_wconf 77' lang='grc' dir='ltr'><strong><em>σὺν</em></strong></span> <span class='ocrx_word' id='word_1_269' title='bbox 947 3805 1088 3897; x_wconf 74' lang='grc' dir='ltr'><strong><em>άγαθοῖς</em></strong></span> <span class='ocrx_word' id='word_1_270' title='bbox 1120 3821 1189 3888; x_wconf 86' lang='grc' dir='ltr'><strong><em>τοῖς</em></strong></span> <span class='ocrx_word' id='word_1_271' title='bbox 1217 3814 1285 3897; x_wconf 87' lang='grc' dir='ltr'><strong><em>παῤ</em></strong></span> 
     </span>
     <span class='ocr_line' id='line_1_33' title="bbox 246 3910 1286 4006; baseline 0 -25"><span class='ocrx_word' id='word_1_272' title='bbox 246 3916 322 3999; x_wconf 72' lang='grc' dir='ltr'><strong><em>ἐμοῦ</em></strong></span> <span class='ocrx_word' id='word_1_273' title='bbox 338 3911 413 4000; x_wconf 78' lang='grc' dir='ltr'><strong><em>ίμῖν</em></strong></span> <span class='ocrx_word' id='word_1_274' title='bbox 429 3917 596 4006; x_wconf 78' lang='grc' dir='ltr'><strong><em>ἐπίκουρον</em></strong></span> <span class='ocrx_word' id='word_1_275' title='bbox 613 3917 704 3998; x_wconf 82' lang='grc' dir='ltr'><strong><em>εἶναι,</em></strong></span> <span class='ocrx_word' id='word_1_276' title='bbox 728 3915 812 4002; x_wconf 75' lang='grc' dir='ltr'><strong><em>ὑμᾶς</em></strong></span> <span class='ocrx_word' id='word_1_277' title='bbox 828 3921 861 3985; x_wconf 78' lang='grc' dir='ltr'><strong><em>δὲ</em></strong></span> <span class='ocrx_word' id='word_1_278' title='bbox 878 3914 997 4003; x_wconf 80' lang='grc' dir='ltr'><strong><em>ὁμοίως</em></strong></span> <span class='ocrx_word' id='word_1_279' title='bbox 1012 3912 1128 3995; x_wconf 70' lang='grc' dir='ltr'><strong><em>αὐτοὺς</em></strong></span> <span class='ocrx_word' id='word_1_280' title='bbox 1139 3910 1286 4003; x_wconf 72' lang='grc' dir='ltr'><strong><em>άγαθοὺς</em></strong></span> 
     </span>
     <span class='ocr_line' id='line_1_34' title="bbox 247 4018 1286 4111; baseline -0.003 -22"><span class='ocrx_word' id='word_1_281' title='bbox 247 4018 339 4102; x_wconf 76' lang='grc' dir='ltr'><strong><em>ὄντας</em></strong></span> <span class='ocrx_word' id='word_1_282' title='bbox 381 4025 437 4090; x_wconf 80' lang='grc' dir='ltr'><strong><em>σὺν</em></strong></span> <span class='ocrx_word' id='word_1_283' title='bbox 481 4018 623 4111; x_wconf 72' lang='grc' dir='ltr'><strong><em>άγαδοῖς</em></strong></span> <span class='ocrx_word' id='word_1_284' title='bbox 656 4040 725 4105; x_wconf 90' lang='grc' dir='ltr'><strong><em>τοῖς</em></strong></span> <span class='ocrx_word' id='word_1_285' title='bbox 762 4020 842 4110; x_wconf 69' lang='grc' dir='ltr'><strong><em>μεθ’</em></strong></span> <span class='ocrx_word' id='word_1_286' title='bbox 871 4022 960 4110; x_wconf 72' lang='grc' dir='ltr'><strong><em>ὑμῶν</em></strong></span> <span class='ocrx_word' id='word_1_287' title='bbox 995 4025 1067 4109; x_wconf 77' lang='grc' dir='ltr'><strong><em>ἐμοὶ</em></strong></span> <span class='ocrx_word' id='word_1_288' title='bbox 1104 4024 1286 4107; x_wconf 88' lang='grc' dir='ltr'><strong><em>συμμάχους</em></strong></span> 
     </span>
     <span class='ocr_line' id='line_1_35' title="bbox 246 4127 337 4197; baseline -0.011 0"><span class='ocrx_word' id='word_1_289' title='bbox 246 4127 337 4197; x_wconf 78' lang='grc' dir='ltr'><strong><em>εἶναι.</em></strong></span> 
     </span>
    </p>

    <p class='ocr_par' dir='ltr' id='par_1_10' title="bbox 156 4233 1286 4548">
     <span class='ocr_line' id='line_1_36' title="bbox 156 4233 1286 4330; baseline -0.002 -25"><span class='ocrx_word' id='word_1_290' title='bbox 156 4240 219 4305; x_wconf 87' lang='lat' dir='ltr'><strong><em>Dio</em></strong></span> <span class='ocrx_word' id='word_1_291' title='bbox 242 4259 272 4322; x_wconf 87' lang='lat' dir='ltr'><strong><em>p.</em></strong></span> <span class='ocrx_word' id='word_1_292' title='bbox 301 4247 363 4306; x_wconf 88' lang='grc'><strong><em>130</em></strong></span> <span class='ocrx_word' id='word_1_293' title='bbox 386 4239 484 4322; x_wconf 87' lang='grc' dir='ltr'><strong><em>μόνος</em></strong></span> <span class='ocrx_word' id='word_1_294' title='bbox 506 4243 564 4324; x_wconf 82' lang='grc' dir='ltr'><strong><em>μὲν</em></strong></span> <span class='ocrx_word' id='word_1_295' title='bbox 587 4242 647 4328; x_wconf 78' lang='grc' dir='ltr'><strong><em>γάρ</em></strong></span> <span class='ocrx_word' id='word_1_296' title='bbox 672 4235 773 4319; x_wconf 78' lang='grc' dir='ltr'><strong><em>οδδεὶς</em></strong></span> <span class='ocrx_word' id='word_1_297' title='bbox 796 4241 877 4330; x_wconf 87' lang='grc' dir='ltr'><strong><em>πρὸς</em></strong></span> <span class='ocrx_word' id='word_1_298' title='bbox 904 4235 992 4307; x_wconf 73' lang='grc' dir='ltr'><strong><em>οὐδὲν</em></strong></span> <span class='ocrx_word' id='word_1_299' title='bbox 1016 4233 1087 4305; x_wconf 65' lang='lat' dir='ltr'><strong><em>otti</em></strong></span> <span class='ocrx_word' id='word_1_300' title='bbox 1109 4246 1174 4304; x_wconf 84' lang='grc' dir='ltr'><strong><em>ταῖν</em></strong></span> <span class='ocrx_word' id='word_1_301' title='bbox 1198 4237 1286 4303; x_wconf 88' lang='grc' dir='ltr'><strong><em>ἰδίων</em></strong></span> 
     </span>
     <span class='ocr_line' id='line_1_37' title="bbox 247 4344 1286 4436; baseline 0 -27"><span class='ocrx_word' id='word_1_302' title='bbox 247 4344 353 4424; x_wconf 80' lang='grc' dir='ltr'><strong><em>ἱκανάς</em></strong></span> <span class='ocrx_word' id='word_1_303' title='bbox 387 4346 465 4413; x_wconf 75' lang='grc' dir='ltr'><strong><em>ἐστι·</em></strong></span> <span class='ocrx_word' id='word_1_304' title='bbox 509 4361 577 4426; x_wconf 91' lang='grc' dir='ltr'><strong><em>τοῖς</em></strong></span> <span class='ocrx_word' id='word_1_305' title='bbox 616 4350 649 4414; x_wconf 76' lang='grc' dir='ltr'><strong><em>δὲ</em></strong></span> <span class='ocrx_word' id='word_1_306' title='bbox 687 4350 878 4433; x_wconf 77' lang='grc' dir='ltr'><strong><em>βασιλεῦσιν,</em></strong></span> <span class='ocrx_word' id='word_1_307' title='bbox 918 4345 984 4436; x_wconf 73' lang='grc' dir='ltr'><strong><em>ὅσῳ</em></strong></span> <span class='ocrx_word' id='word_1_308' title='bbox 1026 4349 1128 4413; x_wconf 91' lang='grc' dir='ltr'><strong><em>πλείω</em></strong></span> <span class='ocrx_word' id='word_1_309' title='bbox 1162 4370 1198 4411; x_wconf 87' lang='grc' dir='ltr'><strong><em>τε</em></strong></span> <span class='ocrx_word' id='word_1_310' title='bbox 1231 4346 1286 4409; x_wconf 86' lang='grc' dir='ltr'><strong><em>καὶ</em></strong></span> 
     </span>
     <span class='ocr_line' id='line_1_38' title="bbox 245 4450 1284 4548; baseline -0.002 -28"><span class='ocrx_word' id='word_1_311' title='bbox 245 4456 345 4538; x_wconf 84' lang='grc' dir='ltr'><strong><em>μείζω</em></strong></span> <span class='ocrx_word' id='word_1_312' title='bbox 368 4455 522 4544; x_wconf 89' lang='grc' dir='ltr'><strong><em>πράττειν</em></strong></span> <span class='ocrx_word' id='word_1_313' title='bbox 546 4450 677 4548; x_wconf 76' lang='grc' dir='ltr'><strong><em>άνάνκη,</em></strong></span> <span class='ocrx_word' id='word_1_314' title='bbox 701 4457 858 4525; x_wconf 85' lang='grc' dir='ltr'><strong><em>πλειόνων</em></strong></span> <span class='ocrx_word' id='word_1_315' title='bbox 881 4458 929 4524; x_wconf 89' lang='grc' dir='ltr'><strong><em>δεῖ</em></strong></span> <span class='ocrx_word' id='word_1_316' title='bbox 957 4457 1012 4522; x_wconf 88' lang='grc' dir='ltr'><strong><em>καὶ</em></strong></span> <span class='ocrx_word' id='word_1_317' title='bbox 1041 4452 1284 4543; x_wconf 76' lang='grc' dir='ltr'><strong><em>συνεργούντων.</em></strong></span> 
     </span>
    </p>
   </div>
   <div class='ocr_carea' id='block_1_3' title="bbox 0 0 1486 4980">
    <p class='ocr_par' dir='ltr' id='par_1_11' title="bbox 0 0 1486 4980">
     <span class='ocr_line' id='line_1_39' title="bbox 0 0 1486 4980; baseline 0 0"><span class='ocrx_word' id='word_1_318' title='bbox 0 0 1486 4980; x_wconf 95' lang='lat' dir='ltr'><strong><em> </em></strong></span> 
     </span>
    </p>
   </div>
  </div>
 </body>
</html>
