2964 4980
624 429 846 490 ...41....

193 626 303 690 Them.
334 644 363 706 p.
394 626 477 690 aab
512 613 737 686 ἀπολελύσθαι
772 619 827 706 τὴν
862 618 997 685 ἑκάστου
1034 621 1136 708 ψυχὴν
1172 620 1253 707 πρὸς
1288 621 1322 688 ’ἓν

283 729 385 794 οἴεται
409 723 480 792 ὁδὸν
503 720 674 810 εὐσεβείας.
722 727 762 793 of.
788 746 818 809 p.
847 735 908 794 155
933 731 954 794 (i
978 749 1021 794 ss,

148 858 220 923 Lib.
245 857 307 923 vol.
333 858 359 938 Ι,
385 861 457 937 618,
486 859 524 918 15
549 850 637 940 κοινὴ
661 844 855 933 εὐδαιμονία.

193 966 303 1028 Them.
329 982 357 1045 p.
385 963 442 1027 od
466 955 544 1046 αῦτη
568 957 654 1023 ἐστὶν
678 951 696 1044 ἡ
719 944 909 1035 ιιολάκοινος
933 952 1069 1042 εῦτυχία.

148 1089 221 1154 Lib.
251 1088 313 1154 Vol.
345 1089 371 1170 Ι,
409 1091 482 1169 374,
512 1093 531 1148 8
561 1104 594 1150 ss
629 1091 693 1147 τιῦν
727 1091 793 1147 σιῦν
827 1088 969 1167 γένοιντο
1009 1087 1063 1149 καὶ
1099 1087 1234 1174 ζιγλιοταὶ
1268 1091 1322 1152 καὶ

280 1191 476 1279 κληρονόμοι.
524 1192 586 1258 vol.
611 1191 672 1273 ΙΙΙ,
697 1196 771 1273 279,
800 1197 814 1254 1
840 1198 904 1253 τιῦν
927 1190 1035 1256 νιάνιον
1058 1193 1257 1280 κληρονόμος.

192 1303 302 1366 Them.
327 1319 357 1382 p.
384 1305 460 1364 651
483 1296 538 1362 τὸν
560 1295 751 1384 κλιγρονόμον
774 1306 830 1372 ’σῦς
853 1289 975 1386 οἷρετῆς.

148 1428 219 1492 Lib.
244 1428 306 1496 vol.
332 1427 357 1506 Ι,
382 1431 444 1489 461
473 1431 491 1488 3
517 1421 689 1505 ἓμιιίιιτιυν
710 1421 767 1504 μὲν
793 1417 902 1508 ὥσπερ
925 1449 975 1500 arg
998 1425 1155 1509 κεραυνός.
1204 1435 1277 1510 625,
1302 1435 1323 1493 4

281 1525 376 1596 odaia
411 1530 596 1606 aledramno
636 1538 786 1615 κεραυνοῦ
820 1535 908 1614 ιτυρί,
945 1532 1129 1619 γράψαντες
1163 1533 1320 1619 κεραυνόν.

280 1641 343 1706 vol.
368 1641 394 1722 Ι,
418 1643 493 1722 458,
520 1645 537 1702 5
563 1629 619 1700 οῦκ
643 1628 797 1719 ὀλιγάκις.

192 1751 302 1814 Thalli.
327 1766 358 1829 p.
379 1753 453 1811 781.
478 1738 580 1831 ὁρᾶτε,
613 1737 690 1819 rigi
713 1743 861 1829 κεραυνὸς
885 1738 1030 1830 ὀλιγάκις
1045 1748 1100 1811 καὶ
1116 1741 1168 1811 ε’νι)
1186 1741 1320 1831 ὀλίγους.

192 1861 232 1921 ci.
257 1857 343 1920 Plut.
368 1873 398 1936 p.
428 1859 488 1918 122
513 1850 670 1938 κεραυνόν.

149 1983 219 2047 Lib.
249 1981 311 2047 Vol.
339 1981 365 2063 I,
403 1985 476 2062 621,
515 1984 553 2042 15
589 1977 678 2058 λιμοὶ
705 1977 760 2040 καὶ
783 1964 899 2058 λοιμοί.
958 1984 1033 2062 471,
1074 1986 1114 2043 23
1139 1977 1231 2060 λιμὸς
1268 1980 1322 2042 καὶ

280 2084 391 2167 λοιμὸς
418 2085 474 2148 καὶ
498 2134 504 2146 .
532 2135 538 2146 .
565 2134 571 2146 .
598 2134 604 2146 .
629 2082 669 2147 τά
701 2077 769 2150 άτιὸ
800 2094 864 2148 τιῦν
888 2093 1030 2166 σεισμιῦν
1053 2086 1239 2167 λυμαίνεται
1263 2085 1322 2162 τὰς

281 2191 402 2269 ιιόλεις.
1247 2186 1251 2192 ’

193 2320 304 2383 Them.
336 2337 365 2400 p.
400 2325 461 2383 107
489 2339 510 2383 a
544 2325 677 2398 σεισμοῦ
713 2316 770 2398 μὲν
805 2317 859 2379 καὶ
898 2317 1010 2398 λοιμοῦ
1044 2316 1082 2382 τὸ
1117 2318 1322 2405 διαφθείρειν

282 2417 490 2510 άνίίρώτιους,
514 2425 670 2507 βασιλέως
694 2423 727 2487 δὲ
750 2421 840 2509 ἔργον
863 2422 900 2488 τὸ
924 2422 1037 2502 σιτίζειν
1061 2422 1139 2488 ε’στί.
1187 2445 1217 2508 p.
1244 2430 1322 2493 971)

283 2542 416 2613 σεισμοῦ
451 2531 512 2617 γάρ
546 2530 614 2607 ἑνὸς
648 2531 703 2594 καὶ
737 2532 850 2613 λοιμοῦ
877 2530 917 2594 τά
945 2541 1079 2596 τοιαῦτα
1109 2529 1184 2616 ἔργα
1214 2535 1322 2619 ιτολλιῦ

282 2638 381 2721 μείζω
405 2640 460 2703 καὶ
483 2632 684 2725 άτοττιάτερα.

237 2765 384 2831 Vidimus
413 2764 514 2846 igitur
537 2765 709 2829 multorum
733 2783 773 2829 ex
803 2764 1039 2846 antiquioribus
1068 2765 1206 2831 inveniri
1238 2768 1323 2846 apud

149 2870 321 2937 Libanium
344 2871 496 2954 vestigia,
521 2889 624 2952 neque
648 2872 750 2936 audeo
774 2871 882 2937 dicere
904 2891 999 2937 unum
1024 2873 1196 2954 praecipue
1220 2875 1261 2938 ab
1285 2892 1322 2938 eo

149 3084 291 3150 fortasse
314 3085 417 3150 maior
440 3091 493 3150 est
517 3104 612 3168 quam
636 3089 825 3151 ceterorum.

565 3406 646 3472 VII.
674 3408 725 3474 Do
749 3406 904 3474 Juliano.

238 3549 287 3613 De
311 3548 421 3614 Flavii
445 3548 573 3614 Claudii
588 3548 714 3614 Juliani
738 3548 808 3615 vita
831 3550 934 3614 verba
957 3568 1021 3613 nou
1044 3554 1140 3614 erunt
1163 3550 1321 3633 facienda,

150 3655 232 3721 satis
256 3661 365 3720 notum
390 3662 441 3721 est
456 3655 670 3736 imperavisse
694 3675 765 3720 eum
788 3655 863 3721 inde
887 3659 929 3721 ab
946 3676 1029 3721 anno
1046 3656 1322 3738 addemusque
1362 3701 1364 3705 ι

150 3763 190 3827 au
226 3782 344 3827 annum
368 3763 564 3828 eorunm
591 3768 689 3844 atque
725 3743 827 3828 fuisse
850 3762 1105 3828 inimicissimum
1133 3763 1208 3828 rou
1231 3764 1321 3829 onn-

150 3869 287 3934 stianae.
335 3871 402 3934 Nee
424 3869 529 3934 minus
552 3869 621 3934 fere
646 3874 776 3935 constat
799 3870 884 3934 inter
916 3889 1025 3935 omnes
1050 3890 1204 3935 summam
1227 3869 1261 3934 in
1285 3891 1321 3936 eo

149 3976 250 4041 fuisse
286 3976 497 4041 eruditionem
532 3981 566 4041 et
602 3997 740 4042 amorem
776 3977 970 4042 litterarum.
1022 3979 1138 4057 Itaque
1173 3997 1235 4042 non
1270 3983 1323 4043 est

149 4082 271 4166 mirum,
296 4085 379 4165 quod
403 4086 565 4165 permulta
588 4084 766 4166 composuit
783 4084 915 4166 seripta.
963 4086 1016 4149 Ex
1037 4085 1152 4168 quibus
1177 4104 1322 4166 eaquae

149 4189 240 4253 initio
264 4190 358 4255 huius
375 4191 606 4272 disputationis
623 4191 726 4256 allata
743 4196 827 4273 sunt,
852 4192 891 4255 de
912 4192 1000 4274 regis
1016 4191 1193 4258 virtutibus
1210 4198 1320 4274 agunt.

150 4295 407 4361 Consentaneum
442 4303 494 4362 est
529 4298 725 4378 superiorum
762 4299 801 4362 de
836 4299 897 4363 hao
932 4318 967 4363 re
999 4299 1191 4380 scriptorum
1213 4299 1322 4364 inesse

149 4403 300 4485 vestigia.
