2964 4980
696 277 911 342 „20-

352 467 449 538 πλέον
473 468 557 554 ἐ’χειν
580 468 667 537 ἐ’νδον
687 475 816 559 χρυσίον
846 470 901 535 καὶ
927 471 1061 536 πλείονα
1085 468 1196 557 χρόνον
1224 468 1395 534 καθεύδειν

348 579 403 643 καὶ
431 578 540 645 πάντα
569 570 773 666 ἀπονώτερον
806 587 870 644 ταῖν
897 569 1077 664 οἷρχομένων
1105 577 1235 663 διύγειν.
1268 575 1331 662 ἐγὼ
1362 577 1394 641 δὲ

352 682 452 768 οἶμαι,
477 683 549 774 ἐφη,
574 685 628 752 τὸν
651 680 787 772 ἄρχοντα
804 677 840 750 ού
864 695 909 772 τρῖ
928 685 1124 773 ῥᾳδιουργεῖν
1144 694 1256 773 χρῆναι
1279 685 1395 772 διαφέ-

350 816 416 879 ρειν
444 801 508 857 ταῖν
537 784 728 878 οίρχομένων,
760 784 839 855 orat
868 800 914 878 τῷ
945 805 1093 879 προνοεῖν
1120 793 1175 856 καὶ
1207 793 1394 879 φιλοπονεῖν

351 899 629 986 προθυμούμενον.
688 900 715 985 Ι,
740 906 769 984 6,
795 906 835 965 25
874 898 929 965 τὸν
962 892 1098 985 δρχοντα
1132 900 1180 964 δεῖ
1203 909 1269 964 ,τοῦ
1305 893 1395 987 ἡλίου

349 1008 599 1073 πλεονεκτοῦντα
635 1005 771 1094 φανερὸν
794 1003 876 1072 εἶναι
901 1057 908 1070 .
934 1057 941 1070 .
967 1057 974 1070 .
999 1015 1056 1071 τοῦ
1087 1005 1207 1092 ψύχους
1231 1057 1238 1070 .
1264 1057 1271 1069 .
1297 1057 1304 1069 .
1329 1015 1394 1071 τοῖν

351 1137 469 1179 πονων.

262 1221 325 1287 Dio
348 1241 378 1305 p.
405 1228 446 1288 50
470 1222 525 1285 καὶ
547 1221 605 1303 μὲν
628 1220 665 1308 δὴ
689 1220 791 1286 οίεται
816 1221 880 1286 δεῖν
904 1222 1015 1286 πλεῖον
1039 1219 1120 1302 ἐχειν
1143 1220 1194 1286 διδ
1219 1220 1274 1308 τὴν
1297 1212 1394 1308 α’ρχὴν

351 1321 387 1392 ού
413 1338 477 1393 τῶν
498 1328 669 1415 χρημάτων
693 1321 763 1394 ούδέ
786 1338 851 1395 των
874 1322 1002 1416 ἡδονῶν,
1026 1321 1105 1393 εἷλλδ
1130 1338 1186 1416 τῆς
1210 1326 1395 1410 ἐπιμελείας

349 1437 483 1501 καὶτῶν
500 1436 687 1524 φροντίδων.
713 1456 759 1521 p.
780 1443 841 1503 135
865 1429 881 1500 ὃ
903 1445 1049 1512 τοιοῦτος
1067 1435 1215 1519 βασιλεύς
1234 1435 1392 1519 βούλεται,

351 1544 511 1626 πολλαχοῦ
550 1543 583 1608 δὲ
622 1545 677 1608 καὶ
717 1542 847 1609 ἐλαττον
886 1542 969 1625 ἐχειν
1006 1541 1134 1608 ἐκείνων
1173 1541 1239 1607 οἷον
1279 1543 1393 1624 σχολῖς

350 1652 515 1738 ρᾳοεμως
538 1642 685 1727 otiosos.
733 1651 773 1718 ef.
798 1671 828 1734 p.
857 1658 916 1716 121
942 1653 1006 1735 fio,
1034 1658 1096 1716 ma
1120 1652 1163 1717 in.

216 1758 301 1826 Xen.
323 1750 424 1846 Ἅγησ.
454 1764 485 1843 4,
513 1764 535 1824 4
569 1755 753 1843 ἐγκρατείας
784 1757 964 1845 χρημάτων.
1025 1765 1054 1842 ὅ,
1083 1764 1105 1824 4
1139 1763 1215 1843 περί
1255 1782 1290 1841 γε
1331 1756 1393 1844 μὴν

350 1857 550 1953 ύφροδισίων
573 1863 766 1952 ἐγκρατείας.

261 1973 323 2038 Dio
346 1973 409 2040 vol.
434 1974 478 2057 Π,
501 1991 531 2055 p.
559 1977 621 2038 323
648 1970 758 2057 ἰσχυρὰ
774 1969 965 2058 ἐγκράτεια.

216 2080 300 2145 Xen.
316 2070 418 2166 Ἅγησ.
444 2086 473 2163 9,
499 2086 517 2145 3
544 2077 729 2165 φιλόπονος.
762 2087 799 2143 K.
817 2079 905 2143 παιδ.
923 2081 984 2163 ΙΠ,
1003 2085 1032 2162 3,
1049 2086 1068 2145 8
1086 2077 1124 2141 τό
1140 2102 1176 2143 τε
1191 2071 1394 2163 ύγρυπντσαι

351 2179 433 2250 ὅπου
456 2183 519 2250 ἐδει
542 2186 596 2249 καὶ
619 2184 656 2251 τὸ
679 2194 828 2274 πονῆσαι.
1373 2220 1376 2226 ·

261 2295 323 2360 Dio
346 2311 377 2376 p.
405 2299 446 2359 50
471 2286 555 2358 ὥστε
578 2293 639 2356 καὶ·
657 2291 835 2380 φιλόπονος
857 2291 977 2374 μᾶλλόν
1000 2290 1096 2358 ἐστιν.

218 2400 347 2466 Similes
378 2400 441 2467 looi
469 2391 773 2485 ευηῖΧευ.2γησ.
801 2407 884 2486 7,1ψ.
932 2408 962 2485 8,
988 2407 1016 2466 6.
1065 2407 1095 2483 8,
1120 2407 1150 2466 8.
1201 2406 1251 2483 11,
1276 2406 1305 2465 6.
1355 2407 1392 2462 Κ.

351 2507 440 2572 παιδ.
465 2509 527 2592 ῙΠ,
553 2515 582 2592 3,
608 2509 659 2574 51.
689 2509 764 2592 VH,
790 2514 819 2593 5,
838 2516 888 2574 78.
925 2509 1017 2592 ἮΠ,
1044 2515 1071 2592 1,
1098 2514 1148 2572 32.
1176 2514 1204 2592 2,
1230 2514 1257 2572 2.
1284 2514 1313 2589 2,
1341 2512 1393 2571 13.

355 2621 453 2699 7,12.
500 2616 557 2699 IV,
584 2622 612 2699 2,
636 2620 689 2681 45.
735 2616 798 2682 Dio
822 2635 852 2699 p.
878 2621 919 2681 47
944 2615 998 2681 fin.

273 2745 274 2748 ¹
308 2721 521 2788 Laboriosum
538 2727 646 2787 autem
662 2741 771 2804 regem
787 2723 860 2803 plus
876 2721 1127 2787 delectationum
1143 2726 1177 2785 et
1192 2718 1395 2785 laetitiarum

218 2829 341 2894 habere
364 2847 460 2911 quam
484 2828 550 2894 otio
575 2828 727 2911 deditum,
751 2828 839 2894 inest
862 2827 894 2892 in
918 2829 1003 2892 Xon.
1028 2836 1065 2890 Κ.
1090 2825 1180 2890 παιδ.
1196 2816 1272 2910 VH,
1297 2831 1326 2908 5,
1351 2831 1395 2890 80

218 2941 252 3002 et
275 2936 301 3020 Ι,
327 2941 356 3019 5,
383 2941 422 3001 12
453 2940 551 3016 atque
582 2935 618 3000 in
645 2934 760 3000 Dionis
784 2955 814 3016 p.
843 2940 903 2998 129
928 2933 971 2997 in.
997 2939 1031 2998 et
1053 2934 1134 2998 med.
1160 2937 1194 2998 et
1216 2953 1247 3014 p.
1274 2937 1315 2996 50
1339 2931 1394 2996 fin.

307 3042 392 3108 Huio
421 3046 490 3108 tam
511 3041 667 3109 laboriosi
700 3040 789 3124 regis
813 3039 948 3122 imagini
986 3039 1106 3121 optime
1145 3037 1294 3121 congruit
1330 3056 1395 3102 non

218 3168 328 3215 rarum
351 3167 424 3215 esse
447 3148 630 3214 hominibus
654 3150 772 3214 debere
796 3147 865 3212 eius
890 3152 1066 3228 aspectum.
1090 3222 1092 3225 ,

157 3256 160 3261 ⁴
218 3263 420 3359 Xen.1’47po.
447 3278 476 3357 9,
502 3278 518 3337 1
553 3263 569 3336 ύ
598 3272 656 3353 μὲν
683 3279 729 3357 api
752 3274 898 3347 σπανίως
922 3262 1065 3355 δρᾶσθαι
1093 3267 1288 3350 ἐσεμνύνετο,
1305 3258 1397 3353 Ἀγη-

352 3379 462 3456 σίλαος
484 3378 518 3443 δὲ
540 3387 586 3464 τρῖ
610 3369 663 3442 δελ
679 3374 821 3464 ἐμφανὴς
837 3373 920 3441 εἶναι
944 3367 1105 3463 ἠγάλλετο.
1152 3383 1189 3439 K.
1212 3373 1300 3439 παιδ.
1318 3375 1395 3458 VII,

353 3492 382 3570 5,
406 3491 448 3551 46
472 3483 546 3562 τούς
569 3484 602 3549 δὲ
625 3488 780 3561 σπανίους
804 3483 882 3548 ἰδεῖν
905 3481 1100 3570 στρατηγούς
1122 3479 1224 3546 πολλὰ
1250 3478 1396 3560 ἐνόμιζον

355 3581 399 3656 ὧν
422 3592 470 3656 δεῖ
491 3595 678 3679 πραχθῆναι
700 3596 861 3677 παριέναι.

264 3699 326 3765 Dio
350 3717 381 3782 p.
400 3704 440 3764 53
466 3692 555 3775 ὅστις
576 3696 635 3780 μὲν
658 3696 719 3784 γὰρ
742 3747 749 3761 .
776 3748 783 3761 .
809 3748 816 3761 .
842 3689 1050 3762 ούδεπώποτε
1072 3689 1091 3779 ἢ
1115 3697 1260 3769 σπανίως
1276 3690 1397 3779 ἑώρακε

353 3803 427 3881 τούς
449 3798 531 3891 ὑπὲρ
553 3813 609 3892 τῆς
631 3796 727 3892 ύρχῆς
750 3801 983 3879 κινδυνεύοντας
1005 3801 1060 3865 καὶ
1083 3807 1268 3876 πονοῦντας.

310 3932 433 3997 Bonum
467 3951 544 3998 vero
580 3931 609 3996 si
644 3949 679 3996 se
712 3934 864 4011 praestat
897 3946 1007 4011 regem
1042 3944 1152 3991 omnes
1187 3925 1328 4008 diligunt
1361 3930 1398 3990 et

221 4043 342 4104 amant.

221 4145 305 4210 Xen.
328 4135 394 4230 Ἶέρ.
422 4150 472 4228 11,
499 4149 537 4209 ll
569 4135 586 4208 δ
613 4144 646 4209 δὲ
673 4134 767 4208 α’πών
795 4139 975 4227 ἐπιθυμοίη
1003 4134 1043 4204 ἐν
1075 4138 1152 4202 ἰδεῖν
1181 4158 1226 4216 σε,
1252 4130 1335 4201 ὥστε
1359 4128 1397 4201 ού

354 4249 452 4333 μόνω
477 4250 587 4338 φιλοῖο
610 4245 649 4317 δν
672 4241 752 4314 ύλλὰ
775 4248 830 4314 καὶ
854 4244 934 4334 ἐρρῖο
956 4237 1013 4310 ύπ)
1037 4237 1234 4330 α’νθρυίπων.
