2964 4980
631 409 937 494 --εο--γ

151 624 223 690 Lib.
249 626 311 691 Vol.
336 626 362 708 I,
388 630 462 706 615,
489 630 527 688 17
554 621 728 700 σπανίζειν.

193 731 256 796 Dio
284 733 346 798 vol.
372 732 415 814 ΙΙ,
446 737 507 795 321
538 731 591 795 fin.
622 730 839 808 σπανίζουσιν.

151 839 222 904 Lib.
247 839 310 904 vol.
336 840 397 921 HI,
423 845 496 921 306,
522 844 541 901 8
565 835 640 912 τούς
664 837 696 901 δέ
720 846 972 922 κακουργοῦντας
997 834 1206 924 ἐσωφρόνισε.

194 945 256 1009 Dio
280 963 309 1026 p.
339 949 402 1009 104
425 945 506 1009 med.
536 937 556 1027 ἡ
583 942 616 1007 δὲ
644 943 837 1030 σωφροσύνη
865 944 919 1007 καὶ
948 943 1023 1020 τοὺς
1056 937 1329 1029 ἀκολαστοτέρους

284 1054 563 1137 σωφρονεστέρους
586 1062 685 1114 ποιεῖ.

149 1160 232 1224 Xen.
247 1150 349 1243 ᾌγησ.
376 1165 405 1241 9,
431 1164 447 1222 1
473 1149 667 1242 εὐπρόσοδος
690 1158 863 1240 vestigium
887 1161 1024 1240 praebet

194 1265 266 1331 Lib.
291 1267 352 1331 Vol.
378 1266 403 1347 Ι,
429 1271 502 1347 313,
528 1271 569 1329 22
593 1263 630 1327 τὸ
654 1264 686 1327 δὲ
710 1257 913 1350 εὐπρόσοδον.

151 1374 234 1438 Xen.
259 1381 296 1435 K.
322 1372 410 1435 παιδ.
435 1373 461 1455 Ι,
488 1378 517 1455 6,
544 1378 561 1436 2
592 1365 682 1447 ὅπως
711 1369 766 1458 μη
785 1364 826 1436 δι’
856 1366 959 1435 ἄλλων
988 1370 1230 1457 ἑρμηνίωντὰς
1261 1380 1329 1434 ταῖν

283 1485 373 1543 θεοῖν
397 1480 588 1562 συμβουλίας
612 1484 744 1567 συνείης,
769 1471 837 1542 άλλ)
854 1471 950 1555 αύτὸς
973 1480 1027 1543 καὶ
1051 1471 1132 1565 ὅρων
1160 1477 1199 1541 τά
1224 1471 1328 1564 ὁρατά

283 1586 337 1649 καὶ
360 1578 485 1651 άκούων
508 1585 547 1650 τά
572 1579 711 1650 άκουστά
736 1586 926 1670 γιγνώσκοις
948 1587 1002 1650 καὶ
1024 1584 1068 1672 μὴ
1093 1584 1149 1651 ἐπὶ
1171 1584 1329 1667 μάντεσιν

284 1691 350 1780 είης

195 1801 339 1882 sequitur
368 1801 440 1865 Lib.
466 1801 528 1867 vol.
553 1801 579 1883 Ι,
605 1806 679 1883 394,
710 1807 750 1864 23
777 1792 812 1863 ού
841 1799 901 1885 γάρ
926 1851 1066 1863 .....
1093 1798 1207 1886 ἑτι-’ρων
1233 1799 1329 1883 χερσὶ

173 1917 176 1920 ’
282 1906 461 1992 θεραπεύει
491 1905 565 1982 τούς
592 1906 692 1982 ’θεοὺς
720 1898 789 1969 άλλ)
818 1899 985 1992 αύτουργεῖ
1035 1913 1069 1973 ei
1093 1914 1157 1972 422
1186 1907 1228 1971 in.
1274 1904 1328 1969 διὰ

283 2023 348 2077 των
371 2019 461 2079 θεων
483 2012 521 2077 τὸ
543 2014 657 2094 μέλλον
681 2006 766 2098 ὃραν.

240 2121 438 2187 Themisiius
463 2127 570 2187 autem
594 2126 705 2186 nostro
729 2128 806 2187 ante
835 2122 942 2186 oculos
966 2127 1119 2188 versatur
1150 2120 1201 2185 his
1229 2120 1328 2185 locis:

151 2228 222 2293 Lib.
248 2229 311 2294 vol.
336 2230 362 2311 I,
387 2233 461 2311 440,
489 2235 527 2292 17
553 2215 586 2290 εὖ
611 2237 718 2291 ποιεῖν
742 2226 793 2291 διά
817 2227 957 2292 πάντων.

196 2335 307 2400 Them.
332 2353 362 2416 p.
390 2341 467 2399 79a
490 2332 528 2397 τὸ
550 2333 594 2418 μὴ
619 2333 795 2399 διαλείπειν
818 2323 852 2398 εὖ
877 2344 984 2399 ποιεῖν
1006 2326 1212 2417 άνθραίπους.

152 2442 223 2507 Lib.
248 2442 310 2509 vol.
335 2443 361 2524 Ι,
388 2445 461 2523 314,
487 2447 505 2504 2
528 2439 573 2524 μὴ
600 2449 664 2503 των
695 2440 753 2522 μὲν
782 2440 921 2506 πόλεων
938 2452 1074 2527 κρατεῖν,
1112 2452 1180 2516 τοῖς
1209 2439 1243 2518 δὲ
1272 2452 1331 2528 της

203 2584 206 2595 ·
288 2557 388 2632 ψυχάς
411 2544 557 2612 πάθεσιν
580 2540 758 2633 ὑπηρετεῖν.

196 2657 306 2721 1110111.
331 2673 361 2736 p.
388 2661 444 2719 6ο
469 2647 485 2717 ὁ
509 2652 667 2738 τύραννος,
698 2653 732 2730 ὃς
760 2651 827 2737 ἅμα
855 2679 889 2719 τε
921 2664 985 2719 των
1013 2648 1116 2718 ἄλλων
1139 2666 1250 2741 κρατεῖ
1274 2657 1328 2719 καὶ

285 2760 394 2825 δούλαν
418 2758 529 2823 ἑαυτὸν
553 2772 622 2836 τοῖς
646 2761 774 2826 πάθεσι
798 2762 1025 2847 παραδίδωσιν.

151 2869 223 2934 Lib.
249 2868 311 2935 Vol.
336 2869 362 2951 Ι,
389 2874 462 2951 278,
490 2873 529 2932 16
564 2866 598 2931 ὃν
632 2865 886 2954 ἐπιτηδειότερον
920 2863 997 2954 ᾔδει,
1033 2877 1144 2932 τουτον
1179 2866 1235 2932 ἐπὶ
1271 2868 1330 2956 τὴν

283 2966 380 3062 άρχὴν
405 2971 518 3039 ἐκάλει.

196 3083 306 3147 Them.
332 3101 362 3163 p.
384 3085 479 3147 1180
502 3075 616 3166 άνδρας
640 3073 787 3165 άγαθούς
810 3084 864 3145 καὶ
887 3081 969 3168 πρὸς
992 3075 1098 3168 άρχειν
1115 3079 1327 3168 ἐπιτηδείους.

151 3189 222 3254 Lib.
240 3189 345 3270 0011,
364 3194 437 3271 535,
457 3195 495 3252 13
520 3187 557 3251 τὸ
581 3188 746 3252 πιστεύειν
770 3181 856 3274 αὕτη)
879 3188 1104 3271 συστρατεύειν
1119 3187 1193 3265 τούς
1208 3188 1327 3265 θεούς·

196 3296 306 3360 Them.
331 3313 361 3377 p.
388 3302 467 3360 Sia
491 3288 507 3358 ὁ
531 3295 757 3381 συστρατηγαίν
780 3316 832 3359 σοι
859 3295 948 3372 θεάς.

195 3402 234 3468 cf.
260 3402 343 3467 Xen.
361 3393 463 3487 λῖγησ.
490 3409 518 3485 9,
547 3409 561 3467 1
594 3400 668 3478 τοὺς
699 3401 799 3479 θεοὺς
824 3454 830 3465 .
857 3454 863 3466 .
891 3454 897 3466 .
927 3402 1111 3485 συμμάχους
1138 3408 1327 3467 ποιεῖσθαι.

151 3510 222 3575 Lib.
254 3510 316 3575 vol.
342 3511 368 3590 I,
399 3515 472 3592 376,
503 3516 543 3574 18
578 3506 660 3594 πρὸς
694 3508 750 3596 τὴν
784 3503 942 3596 άληθειαν
976 3504 1107 3596 ἡγεμόνι
1143 3510 1329 3598 φιλοσοφίᾳ

281 3615 488 3702 χρησάμενος.

194 3725 304 3789 Them.
334 3742 365 3805 p.
395 3730 455 3787 107
481 3726 501 3789 d
536 3744 631 3806 reges
664 3725 863 3808 philosophis
898 3717 1066 3800 εὐπειθεῖς
1098 3724 1151 3787 καὶ
1186 3716 1328 3808 Ιὑπήκοοι

284 3837 388 3896 sunto.

151 3939 221 4004 Lib.
235 3939 298 4004 vol.
312 3940 338 4020 Ι,
357 3945 429 4021 393,
446 3945 485 4004 10
499 3932 574 4002 ὅταν
586 3937 755 4024 λήψεσθαι
768 3939 826 4020 μὲν
839 3936 962 4024 ἐλπίσῃ,
980 3939 1105 4014 σωθεὶς
1116 3937 1149 4001 δὲ
1161 3929 1327 4025 άγαπήση.

195 4046 453 4126 ’1110010950
476 4043 550 4120 τούς
573 4045 606 4108 δὲ
630 4042 766 4130 ἐχθροί-ς
788 4044 832 4131 μὴ
847 4054 951 4120 κακαῖς
967 4055 1082 4122 ποιεῖν,
1107 4036 1187 4107 άλλά
1211 4045 1329 4131 φίλους

281 4150 508 4238 μεταγράφων.

149 4258 221 4323 Lib.
246 4260 308 4325 vol.
334 4261 360 4342 Ι,
386 4264 459 4342 562,
487 4265 525 4322 10
551 4279 609 4323 rex
634 4279 724 4324 suam
749 4279 902 4341 quemque
926 4262 1056 4325 deorum
1086 4258 1269 4341 opinionem
1293 4267 1329 4326 et·

285 4366 404 4431 cultum
428 4366 550 4430 habere
575 4365 667 4431 sinit:
691 4367 745 4429 καὶ
769 4371 902 4430 πείθειν
924 4366 983 4447 μὲν
1006 4363 1185 4452 ἐπιχειρεῖν,
1215 4365 1328 4448 βιάζε-

284 4475 368 4535 σθαι
393 4471 425 4535 δέ
450 4463 505 4536 αύκ
529 4463 636 4549 άξιων.
