2964 4980
629 279 852 341 *15*-

194 473 257 540 Dio
279 491 310 556 p.
335 479 378 539 48
401 472 456 537 καί
478 470 587 559 πάσης
609 463 745 555 άνομίας
768 469 1013 555 δμπιπλάμενύν
1036 473 1149 537 τεκαὶ
1175 463 1329 556 άποπιμ-

284 580 410 646 πλάντα
433 578 489 667 την
513 578 615 668 ψυχὴν
630 585 862 667 τεταραγμένην
885 630 892 644 .
919 629 926 644 .
953 629 960 643 .
986 578 1101 667 φόβοις
1123 581 1177 644 καὶ
1200 573 1329 666 ἡδοναῖς

283 689 337 752 καὶ
361 692 532 764 παντοίαις
555 684 759 768 ἐπιθυμίαις.

240 816 306 880 Νεο
330 834 365 879 se
389 813 495 896 ipsum
518 817 629 895 potest
651 832 776 895 regere.

151 941 246 1005 Plato
270 939 341 1002 πολ.
368 945 430 1003 579
457 938 547 1024 Ομη
570 988 746 1002 ......
771 939 825 1002 καί
849 936 962 1003 ἑαυτοῦ
986 933 1029 1003 ὢν
1052 933 1202 1024 α’κράτωρ
1225 932 1329 1002 άλλων

285 1044 471 1132 ἐπιχειρήσῃ
506 1039 621 1132 άρχειν.
691 1051 725 1112 et
750 1052 814 1112 590
839 1048 865 1112 0
897 1039 981 1110 ὥστε
1014 1043 1058 1134 μὴ
1093 1040 1133 1109 clv
1166 1044 1329 1110 δύνασθαι

284 1147 391 1239 άρχειν
414 1161 479 1218 τῶν
502 1151 534 1218 ἐν
557 1145 644 1239 αύτηῖ
668 1151 877 1239 θρεμμάτων.

196 1261 257 1326 Dio
280 1279 310 1344 p.
336 1266 378 1326 48
414 1253 487 1325 ούτε
514 1252 609 1336 αύτὸς
639 1257 753 1324 ἑαυτοῦ
781 1264 935 1344 γενέσθαι
964 1258 1095 1337 δυνατὸς
1126 1253 1231 1346 άρχων
1261 1251 1329 1324 ούδ

284 1365 435 1455 ἐγκρατὴς
465 1361 538 1432 ούτε
567 1375 631 1432 τῶν
660 1360 764 1431 ἄλλων
792 1359 927 1444 ούδενός.
978 1373 1012 1434 et
1042 1368 1104 1435 vol.
1129 1369 1173 1451 H,
1205 1387 1235 1450 p.
1263 1373 1326 1433 321

283 1476 338 1539 καί
361 1473 422 1562 μὴν
444 1472 477 1539 εί
497 1500 547 1552 τις
570 1466 681 1559 άνδρὸς
704 1472 772 1552 ἑνὸς
796 1466 850 1555 ούχ
874 1473 942 1551 οἷός
964 1499 1000 1539 τε
1023 1467 1129 1561 άρχειν
1157 1470 1227 1539 ἐστὶ
1252 1524 1259 1539 .
1286 1523 1294 1538 .
1320 1524 1327 1537 .

285 1573 355 1646 οὐδὲ
390 1569 429 1646 αύ
463 1586 540 1662 μίαν
578 1580 679 1669 ψυχὴν
713 1580 924 1647 κατευθύνειν
957 1580 1013 1668 τὴν
1044 1573 1151 1658 αύτού,
1188 1589 1260 1657 πῶς
1289 1576 1329 1645 δν

284 1687 411 1754 δύναιτο
433 1688 613 1772 βασιλεύειν
635 1686 797 1774 μυριάδων
820 1680 1068 1776 άναριθμητων;

241 1796 370 1862 Similes
393 1796 457 1862 loni
482 1803 557 1862 sunt
581 1797 727 1862 Platonis
752 1796 824 1860 πολ.
851 1802 914 1861 580
940 1797 972 1879 0,
996 1797 1079 1861 Xen.
1096 1787 1196 1881 Άγηο.
1223 1801 1273 1878 10,
1300 1803 1328 1879 2,

151 1906 250 1969 Isoor.
280 1900 361 1988 πρὸς
384 1912 457 1966 Νικ.
491 1910 531 1968 20
556 1905 586 1968 d.
616 1901 724 1988 (huius
742 1902 824 1984 disp.
843 1921 872 1984 p.
901 1904 965 1987 10).
1012 1902 1179 1968 Adhibeas
1207 1904 1249 1968 ad
1273 1922 1329 1967 eos

150 2009 266 2076 Dionis
289 2028 320 2093 p.
346 2015 389 2075 64
412 2003 519 2095 άρχειν
543 2008 665 2073 ἑαυτοῦ.

240 2118 411 2182 Platonem
447 2122 481 2182 et
503 2117 715 2182 Aristotelem
749 2115 837 2198 sapit
860 2116 974 2182 Dionis
1003 2135 1032 2198 p.
1061 2122 1132 2200 115,
1168 2117 1224 2183 ubi
1258 2121 1329 2182 tres

154 2228 258 2290 bonae
282 2224 479 2304 totidemque
503 2225 609 2289 malae
633 2223 830 2306 reipublicae
852 2223 974 2289 formae
998 2227 1236 2289 enumerantur.

241 2330 389 2396 Platonis
425 2329 563 2413 denique
598 2330 670 2393 πολ.
697 2335 759 2394 347
784 2332 814 2395 Ι)
849 2338 896 2416 τηῖ
931 2321 998 2394 δντι
1033 2321 1189 2416 άληθινδς
1223 2322 1330 2414 άρχων

153 2444 282 2520 spectat
305 2437 420 2503 Dionis
445 2435 488 2521 (p.
508 2443 549 2502 56
566 2436 614 2521 et)
638 2455 668 2520 p.
697 2443 758 2502 113
783 2434 931 2520 βασιλεὺς
954 2427 1095 2523 άληθῶς,
1121 2442 1155 2501 et
1178 2437 1329 2502 Platonis

151 2564 181 2627 p.
206 2549 270 2609 469
295 2545 324 2609 Α
349 2565 374 2609 s
410 2544 556 2626 sequitur
583 2544 699 2609 Dionis
727 2562 758 2627 p.
786 2550 847 2608 117
875 2545 930 2609 fin.
962 2549 997 2609 et
1027 2550 1088 2609 118
1117 2544 1171 2626 in,
1211 2542 1329 2625 quibus

150 2651 230 2717 loois
253 2650 340 2716 inest
363 2656 496 2733 praeter
520 2653 596 2716 deos
620 2651 720 2716 etiam
744 2653 916 2716 daemones
940 2670 1013 2716 esse
1036 2652 1249 2716 venerandos

241 2757 387 2822 Vidimus
416 2757 518 2839 igitur
541 2758 805 2839 Chrysostomum
833 2757 920 2822 haud
950 2757 1100 2838 ignarum
1127 2754 1229 2820 fuisse
1252 2756 1329 2822 Pla-

151 2863 247 2946 toniS,
270 2862 335 2928 iam
360 2864 389 2928 si
411 2864 521 2945 planet
544 2869 735 2946 spectemus,
760 2863 874 2944 ecquid
897 2863 1144 2944 Xenophontem
1173 2867 1232 2927 aut
1258 2863 1329 2928 Iso-

151 2974 273 3035 oratem
298 2975 428 3035 secutus
453 2970 505 3036 sit.

241 3075 349 3141 Solum
373 3082 480 3142 autem
504 3078 683 3142 Isocratem
706 3073 885 3157 respiciunt
906 3075 969 3141 loci
993 3075 1062 3142 fere
1084 3076 1132 3140 hi:
1177 3107 1192 3134 .

151 3181 214 3247 Dio
237 3201 267 3264 p.
294 3188 334 3247 52
358 3183 412 3248 fin.
458 3183 513 3247 καὶ
536 3178 710 3264 πολεμικὸς
731 3180 789 3262 μὲν
814 3175 915 3258 οὕτως
936 3178 1031 3261 ἐστίν,
1057 3176 1140 3246 ὥστε
1164 3172 1216 3245 ἐπ’
1241 3172 1330 3266 αὕτη]

286 3285 369 3354 εἶναι
384 3288 422 3353 τὸ
437 3290 600 3371 πολεμεῖν,
625 3286 780 3376 εἰρηνικὸς
795 3287 828 3352 δὲ
845 3283 954 3367 ούτως,
981 3281 1025 3365 ὡς
1039 3287 1134 3375 μηδὲν
1155 3279 1330 3370 άξιύμαχον

287 3387 374 3482 αύτηῖ
405 3397 591 3462 λείπεσθαι.
638 3396 693 3459 καί
721 3394 782 3480 γὰρ
813 3393 849 3482 δὴ
878 3396 932 3458 καὶ
960 3394 1031 3459 τόδε
1060 3391 1151 3472 οἶδεν,
1181 3388 1231 3459 ὅτι
1259 3404 1331 3471 τοῖς

285 3500 439 3566 κάλλιστα
478 3504 632 3585 πολεμεῖν
669 3506 980 3588 παρεσκευασμένοις
1020 3498 1148 3576 τούτοις
1186 3498 1331 3582 μάλιστα

285 3606 407 3685 ἔξεστιν
430 3607 553 3698 εἰρήνην
577 3602 675 3693 άνειν.

196 3716 296 3781 Isoor.
321 3714 404 3801 πρὸς
427 3725 500 3782 Νικ.
528 3723 567 3782 19
593 3718 614 3782 d
641 3712 814 3796 πολεμικὸς
841 3714 899 3794 μὲν
929 3711 1006 3777 ἴσθι
1033 3725 1105 3790 ταῖς
1134 3711 1331 3801 ἐπιστήμαις

284 3822 340 3896 καὶ
368 3833 440 3900 ταῖς
470 3831 696 3908 παρασκευαῖς,
726 3818 879 3907 εἰρηνικὸς
907 3819 939 3883 δὲ
970 3827 1016 3904 τη]
1046 3819 1143 3906 μηδὲν
1170 3819 1258 3906 παρὰ
1292 3819 1330 3886 τὸ

287 3928 409 3994 δίκαιον
432 3929 642 3994 πλεονεκτεῖν.

152 4034 215 4099 Dio
240 4053 270 4116 p.
298 4041 361 4100 104
384 4036 427 4100 in.
464 4045 536 4112 παῖς
553 4027 609 4099 ούκ
632 4029 672 4098 άν
695 4031 784 4098 ε’ίποι
807 4057 857 4108 τις
879 4032 970 4097 τοῦδε
986 4041 1043 4097 τοῦ
1066 4025 1177 4117 άνδρὸς
1200 4025 1331 4118 άγαθὸν

288 4137 371 4206 εἶναι
394 4140 448 4206 τὸν
472 4142 616 4223 δαίμονα,
642 4131 697 4205 οδκ
721 4131 808 4225 αύτῷ
830 4138 926 4221 μόνον
949 4131 1028 4204 άλλᾶ
1052 4140 1106 4204 καὶ
1129 4149 1197 4217 τοῖς
1220 4133 1331 4220 ἄλλοις

287 4240 408 4328 &noom-
441 4256 506 4316 τῶν
538 4249 597 4333 μὲν
631 4245 694 4334 γάρ
726 4246 854 4312 πολλῶν
887 4237 1073 4334 άνθριίπων
1106 4245 1160 4310 καὶ
1192 4244 1331 4314 ἰδιωτῶν
