2964 4980
633 403 851 464 ..25-

546 703 617 768 HI.
652 703 704 768 lle
727 702 934 769 Plutarcho.

242 828 346 893 Natus
381 833 438 895 est¹
467 828 661 893 Plutarchus
672 826 704 912 *)
739 825 826 891 circa
860 827 998 892 medium
1031 828 1168 909 primum
1195 851 1225 912 p.
1251 831 1324 895 Chr.

150 935 325 1017 saeculum,
361 941 450 1000 certe
484 954 548 998 non
583 939 657 1014 post
692 952 809 998 annum
830 934 868 1016 L,
893 934 1110 1019 Chaeroneae,
1147 937 1327 1003 clarissimo

150 1037 209 1103 illo
234 1040 388 1105 Boeotiae
412 1040 444 1105 iu
469 1041 594 1122 oppido.
640 1041 802 1105 Parentes
826 1040 906 1123 eius,
931 1040 1104 1121 quierant
1135 1044 1259 1109 nobiles
1294 1050 1328 1109 et

150 1145 340 1229 locupletes,
370 1147 429 1211 filii
458 1146 641 1212 educationi
671 1165 823 1227 magnam
854 1165 963 1212 curam
994 1148 1220 1215 adhibuerunt.
1274 1150 1328 1214 lta

150 1252 275 1317 factum
303 1260 363 1336 est,
395 1259 432 1319 ut
462 1254 537 1319 iude
566 1274 587 1318 a
615 1253 757 1334 pueritia
786 1273 941 1319 summum
969 1255 1155 1321 litterarum
1170 1275 1328 1321 amorem

150 1359 406 1426 nancisceretur.
461 1361 649 1427 Breviorum
674 1366 853 1442 temporum
876 1361 1048 1438 itineribus
1073 1361 1202 1428 omissis
1226 1363 1326 1429 vitam

150 1467 360 1532 Chaeroneae
384 1467 521 1551 peregit,
546 1468 618 1532 dum
643 1467 732 1532 intra
748 1487 867 1533 annum
883 1469 976 1533 CXX
992 1472 1026 1533 et
1042 1470 1169 1534 CXXX
1184 1478 1327 1535 mortuus

150 1579 213 1638 est.
261 1575 383 1640 Romae
417 1575 468 1641 bis
497 1573 569 1658 fuit,
598 1574 736 1655 primum
760 1574 962 1655 Vespasiano
991 1574 1107 1640 deiude
1142 1577 1328 1642 Domitiano

119 1756 121 1759 ¹
149 1680 342 1764 imperante,
378 1681 487 1762 ibique
524 1681 776 1746 clarissimorum
803 1681 944 1747 virorum
982 1682 1159 1748 amicitiam
1190 1684 1327 1764 adeptus

149 1794 213 1851 est.
261 1786 403 1876 Scripsit
431 1794 539 1854 autern
568 1787 807 1854 illustrissimos
835 1788 908 1853 illos
936 1792 1024 1870 βίους
1052 1788 1271 1874 παραλλήλους
1294 1795 1329 1854 et

148 1885 266 1976 ἠθικαί.
321 1896 374 1959 Ex
408 1895 459 1960 his
494 1895 669 1960 moralibus
707 1894 838 1976 scriptis
876 1896 1052 1977 compluria
1062 1895 1110 1982 *ἢ
1145 1897 1327 1979 regentium

148 2000 294 2066 virorum
317 2001 457 2066 virtutes
480 2006 636 2067 tractant.

242 2108 333 2191 Quae
358 2107 386 2172 si
409 2127 480 2173 cum
503 2109 622 2174 ceteris
647 2110 686 2174 de
709 2110 771 2174 hac
794 2128 829 2174 re
853 2109 1004 2190 operibus
1024 2111 1326 2194 comparaverimus
1375 2103 1379 2108 ’

148 2214 352 2280 inveniemus
389 2234 431 2279 ex
460 2215 696 2296 antiquioribus
734 2216 852 2281 nullius
888 2221 1021 2298 praeter
1058 2223 1185 2282 ceteros
1220 2218 1328 2283 inesse

148 2321 304 2404 vestigia,
349 2321 525 2403 compluria
574 2329 683 2387 autem
729 2323 860 2405 propius
907 2324 1060 2389 accedere
1108 2326 1149 2389 ad
1192 2324 1327 2389 Dionem

148 2428 427 2509 Chrysostomum.

149 2552 309 2619 Conferas
333 2553 361 2619 si
383 2555 492 2635 placet
507 2556 592 2620 Plut.
618 2574 647 2638 p.
667 2562 730 2620 217
747 2553 879 2642 fiu***).
907 2547 977 2636 μετ’
995 2547 1118 2631 εὐνοίας
1134 2556 1187 2618 καὶ
1206 2556 1326 2642 φιλίας.

285 2666 319 2726 ct
341 2661 456 2726 Diouis
480 2681 509 2744 p.
536 2668 599 2727 217
624 2664 705 2728 med.
753 2654 877 2738 εὐνοίας
900 2662 954 2726 καὶ
979 2661 1099 2748 φιλίας.

151 2787 236 2851 Plut.
253 2806 284 2869 p.
303 2794 365 2851 227
379 2787 432 2852 fin.
458 2786 505 2849 δεῖ
520 2785 581 2871 γὰρ
598 2784 714 2873 ἐχθρὸν
729 2786 845 2874 μηδένα
869 2786 1007 2869 νομίζειν
1031 2787 1173 2873 πολίτην.

196 2893 234 2957 D.
258 2911 289 2974 p.
315 2899 356 2958 55
381 2901 438 2957 τοῦ
460 2893 577 2980 μηδένα
601 2891 717 2979 ἐλδρὸν
740 2886 922 2978 ’ἦφονμένοα

157 3016 236 3082 Plut.
257 3038 287 3101 p.
307 3025 371 3084 250
395 3009 606 3097 ἀσπάζεσθαι
630 3018 740 3083 δὲκαὶ
765 3020 871 3106 φιλεῖν
894 3014 1050 3097 ἅπαντας,
1076 3012 1120 3096 ὡς
1144 3070 1151 3083 .
1177 3070 1184 3083 .
1211 3019 1325 3106 φίλους

285 3124 454 3209 γεγονότας
482 3126 537 3189 καὶ
562 3175 569 3188 .
596 3176 602 3188 .
629 3176 636 3189 .
661 3119 785 3190 εὔνοιαν
816 3123 952 3207 ἔχοντας.

199 3232 235 3296 D.
258 3251 288 3314 p.
315 3238 357 3298 50
380 3233 433 3298 fin.
464 3227 521 3296 ὅτε
550 3233 675 3310 πάντας
703 3226 872 3320 ἡγούμενος
900 3226 1007 3310 είνοος
1030 3235 1084 3297 καὶ
1109 3234 1231 3320 φίλους.

166 3356 237 3422 Plut.
261 3377 290 3441 p.
318 3365 381 3424 262
409 3358 453 3424 in.
487 3360 719 3445 φιλοπλουτίαν
747 3358 800 3422 καὶ
833 3359 1094 3446 φιλοχρηματίαν.

202 3465 236 3529 D.
260 3485 289 3549 p.
318 3472 379 3532 166
404 3459 419 3531 c‘
445 3458 473 3528 δ’
497 3454 536 3530 αὖ
562 3466 797 3553 φιλοχρήματος
819 3467 874 3530 καὶ
899 3467 1123 3553 φιλόπλουτος.

169 3568 239 3636 Plut.
262 3591 292 3656 p.
321 3578 383 3639 140
406 3573 450 3639 in.
483 3571 541 3649 τὰς
569 3566 772 3661 ἡδυπαθείας
800 3574 854 3637 καὶ
878 3572 935 3648 τὰς
959 3572 1092 3660 τροφάς.

204 3677 238 3742 D.
262 3700 291 3763 p.
320 3687 381 3747 166
406 3673 575 3768 ηδνπαθὴς
597 3681 652 3744 καὶ
675 3679 841 3768 τρυφερός.

174 3835 476 3852 μ..-

226 3947 249 4014 *1
266 3948 365 4012 heheu,
392 3947 529 4001 Schriften
548 3948 603 4000 und
623 3946 796 4015 Philosophie
813 3948 861 4000 des
880 3947 1012 4000 Plutarch
1030 3964 1082 4000 von
1102 3947 1256 4000 Chaeronea
1275 3963 1328 4000 von

171 4024 208 4082 Dr·
233 4033 349 4089 Richard
377 4037 539 4090 Volkmann.
584 4042 673 4090 crater
701 4037 762 4090 'leil
796 4036 942 4089 Plutarchs
969 4037 1060 4090 Lebcu
1094 4036 1149 4089 und
1182 4036 1326 4090 Schriften.

171 4113 248 4175 Berlin
268 4127 344 4179 1869.
459 4128 460 4132 ’
786 4142 788 4148 ·

227 4212 264 4282 **)
281 4213 424 4267 Plutarchi
449 4214 556 4268 dehac
581 4231 611 4269 rc
637 4215 766 4269 librorum
794 4214 891 4268 titulos
920 4214 1000 4268 initio
1032 4215 1111 4268 huius
1143 4214 1324 4281 diputationis

174 4287 202 4357 h·
218 4299 232 4348 6
247 4302 325 4373 merl]
345 4288 506 4358 attulimus.

229 4389 282 4462 ***)
300 4392 444 4448 Plutarchi
463 4408 546 4462 opera
565 4392 654 4447 omnia
673 4393 715 4448 ed.
733 4393 842 4447 Reielre.
861 4392 972 4461 Lipsiae
992 4394 1069 4446 1778.
1089 4392 1142 4447 vol.
1160 4392 1209 4446 IX.
