2964 4980
636 378 764 460 ,ηρ
814 411 851 420 ..

153 570 242 636 Plua.
266 589 297 653 p.
324 575 386 635 106
409 568 464 632 καὶ
489 567 670 656 φιλόσοφος
695 576 797 654 ψυχῆς
820 564 1047 655 ἐπιμελήσεται
1074 565 1329 655 προθυμότερον,

289 675 324 764 ἣν
352 669 434 761 ύπὲρ
464 676 591 740 πολλιῦν
622 674 851 762 φροντίζουσαν
879 668 937 763 όρηῖ
965 677 1019 739 καί
1047 677 1180 754 πολλοῖς
1203 687 1332 763 φρονεῖν

289 784 342 846 καὶ
367 783 560 869 φιλοσοφεῖν
582 783 637 845 καὶ
660 782 900 867 δικαιοπραγεῖν
924 773 1125 870 ὀφείλουσαν.

199 910 230 973 p.
259 897 319 956 107
344 890 494 973 βασιλεῖς.
526 886 574 965 οίς
596 880 761 973 εύβουλίας
784 893 951 975 γενομένης
978 889 1033 952 καὶ
1057 888 1257 976 δικαιοσύνης
1276 889 1331 952 καὶ

287 995 498 1083 χρηστότητος
520 995 575 1059 καί
596 994 878 1082 μεγαλοφροσύνης
901 994 1021 1072 πάντες
1051 992 1180 1078 ’έμελλον
1204 988 1330 1084 υίφελη-

289 1103 458 1190 θήσεσθαι
481 1103 536 1166 καὶ
558 1093 736 1167 α’πολαύειν
759 1101 791 1167 οἱ
813 1102 980 1190 χρεόμενοι.
1027 1110 1062 1170 θλ
1083 1103 1171 1170 infra
1194 1104 1248 1167 καί
1270 1101 1332 1189 μὴν

290 1202 385 1273 ότοῦ
409 1208 593 1296 φιλοσόφου
611 1208 713 1294 λόγος,
739 1207 793 1274 ἐὰν
815 1209 874 1292 μὲν
890 1209 1018 1298 ἰδιώτην
1041 1209 1096 1275 ἕνα
1119 1209 1199 1297 λοίβη
1224 1259 1231 1272 .
1258 1259 1264 1272 .
1291 1259 1298 1272 .
1324 1258 1331 1271 .

290 1309 325 1381 ού
356 1316 539 1381 διαδίδωσιν
567 1315 613 1392 είς
644 1314 777 1402 ἑτέρους,
810 1309 878 1380 ἄλλ’
913 1315 945 1383 έν
975 1316 1021 1382 ἑνὶ
1052 1317 1191 1406 ποιήσας
1223 1313 1332 1400 έκείνιμ

290 1422 423 1511 γαλήνην
460 1425 515 1487 καί
552 1416 684 1510 ίγσυχίαν
722 1415 940 1512 ύπεμαρύνθη
978 1424 1033 1488 καὶ
1077 1424 1248 1502 ξονέλιπεν·
1293 1418 1333 1487 όίν

289 1523 317 1594 δ)
330 1525 479 1617 ἄρχοντος
494 1522 606 1615 α’νδρός
621 1532 675 1595 καὶ
691 1531 859 1595 πολιτικοῦ
875 1532 929 1595 καὶ
945 1539 1120 1617 πρακτικοῦ
1136 1529 1332 1616 καθάψηται

288 1638 358 1702 καὶ7
379 1647 491 1702 τοῦτον
529 1628 699 1725 α’ναπλήση
737 1630 990 1722 καλοκαγαθίας,
1026 1635 1163 1713 πολλούς
1197 1629 1237 1700 δι’
1263 1634 1331 1712 ἑνός

293 1736 466 1832 ὠφέλησεν.

198 1854 240 1918 Ι).
265 1871 295 1935 p.
320 1858 362 1917 47
386 1853 440 1918 fin.
471 1851 652 1939 φροντίζειν
681 1845 764 1939 ύπέρ
791 1861 855 1916 τῶν
885 1843 1076 1938 α’ρχομένων.
1123 1871 1154 1935 p.
1182 1857 1245 1917 104
1275 1858 1333 1914 τοῦ

290 1958 350 2045 γὰρ
385 1957 517 2024 πάντων
551 1953 702 2045 ἄρχοντος
735 1960 790 2022 καί
824 1968 1013 2046 κρατούντος
1041 1952 1060 2046 ἡ
1088 1958 1146 2041 μὲν
1181 1957 1334 2045 φρόνησις

290 2064 380 2152 ἱκανὴ
402 2066 457 2130 καὶ
479 2066 554 2142 τούς
577 2060 721 2153 όίφρονας
745 2057 892 2153 ιόφελεῖν.
917 2064 1101 2150 βουλεύεται
1130 2063 1191 2151 γὰρ
1215 2058 1334 2146 δμοίως

289 2164 371 2259 ὑπὲρ
394 2171 535 2238 πάντων.
581 2192 612 2256 ρ.
640 2179 704 2239 104
726 2173 771 2238 in.
797 2171 905 2258 (huius
929 2172 1011 2255 disp.
1036 2191 1066 2255 p.
1097 2179 1134 2236 16
1160 2172 1229 2258 fin.)

199 2279 240 2345 ef.
266 2280 365 2344 Isoer.
390 2278 471 2365 πρὸς
494 2289 567 2344 Νικ.
596 2287 634 2345 16
660 2300 677 2345 ο
701 2278 809 2366 (huius
833 2280 915 2362 disp.
940 2298 970 2362 p.
998 2285 1036 2343 17
1061 2279 1132 2365 in.).

149 2386 241 2451 Plut.
266 2404 296 2468 p.
316 2392 378 2451 261
396 2387 477 2452 med.
504 2384 582 2466 έχων
606 2387 699 2473 σκέλη
722 2384 824 2450 πολλὰ
843 2387 897 2450 καὶ
918 2395 1026 2470 χεῖρας
1049 2386 1102 2448 καί
1127 2376 1330 2471 ὀφθαλμούς,

289 2490 318 2556 εί
341 2491 448 2557 πάντα
470 2497 530 2575 μία
556 2492 639 2580 ψυχὴ
663 2492 784 2558 διιόκειε
808 2493 872 2559 etsi
895 2498 930 2558 et
944 2493 1082 2558 Aristdt.
1109 2493 1181 2555 πολ.
1198 2493 1260 2575 ΙΙΙ,
1280 2498 1330 2575 16,

290 2605 308 2663 9
333 2605 368 2665 et
395 2600 478 2665 Xen.
504 2608 541 2663 K.
567 2600 656 2664 παιδ.
683 2601 774 2683 VIII,
799 2607 828 2685 2,
856 2607 895 2666 10
921 2620 964 2665 se.
998 2599 1095 2683 sapit,
1124 2604 1235 2665 tamen
1257 2617 1330 2681 pro-

288 2706 360 2789 pius
399 2709 553 2772 accedere
587 2708 717 2774 videtur
752 2708 795 2773 ad
824 2707 940 2773 Dionis
967 2726 997 2790 p.
1032 2712 1074 2772 54
1105 2704 1213 2791 (huius
1247 2704 1329 2787 disp.

288 2832 319 2896 p.
345 2820 385 2878 25
409 2813 462 2879 fm.
493 2818 528 2879 et
557 2821 597 2878 26
621 2813 681 2900 in.)
711 2814 745 2880 id
774 2816 857 2896 quod
886 2815 1037 2880 eoneludo
1061 2833 1102 2879 ex
1132 2813 1226 2878 huius
1259 2830 1330 2876 sen-

289 2920 395 2987 tentia
418 2921 492 2986 hac:
523 2920 669 3007 διαφέρει
693 2919 754 3007 γὰρ
778 2913 866 2985 ούδὲν
889 2917 908 3008 ἢ
932 2919 964 2984 εί
983 2945 1029 3005 τφ
1061 2918 1141 2995 θεὸς
1173 2919 1205 2982 ἓν
1236 2925 1331 2998 σῶμα

290 3025 391 3108 έχοντι
428 3026 550 3104 πολλὰς
583 3027 686 3112 ψυχὰς
722 3026 845 3106 ἐ’δαικεν,
879 3045 974 3109 quam
1005 3026 1167 3093 convertit
1200 3026 1330 3090 Plutar-

291 3135 379 3201 enus.

149 3260 242 3326 Plut.
267 3277 297 3341 p.
324 3265 388 3324 274
410 3260 532 3342 legitur
556 3262 673 3326 bonum
696 3280 807 3342 regem
831 3279 926 3325 curas
950 3260 1068 3324 debere
1100 3258 1274 3324 admittere
1298 3265 1331 3325 et

290 3367 428 3451 labores,
452 3386 516 3432 non
532 3368 653 3434 sectari
677 3367 834 3433 desidiam
857 3372 891 3432 et
906 3367 1115 3448 voluptatem.
1164 3370 1199 3431 et
1217 3384 1247 3448 p.
1267 3373 1330 3431 219

290 3473 423 3540 exhibet
446 3493 541 3556 quam
557 3494 659 3556 grave
682 3474 727 3539 sit
741 3477 842 3541 bonos
858 3472 1056 3555 regendique
1072 3473 1194 3554 peritos
1211 3473 1331 3539 amieos

290 3586 323 3646 et
346 3579 512 3647 adiutores
536 3581 607 3663 regi
631 3599 713 3646 esse.
746 3580 874 3647 Similia
896 3580 1076 3648 invenimus
1093 3582 1178 3662 apud
1194 3578 1332 3646 Dionem

290 3692 325 3753 et
346 3687 603 3770 Xenophontem.

148 3814 240 3879 Plut.
263 3830 294 3894 p.
313 3818 376 3877 273
400 3813 443 3878 in.
468 3804 547 3876 οίλλδ
572 3813 625 3875 καὶ
648 3821 695 3898 τη)
711 3813 876 3896 συναλγεῖν
892 3818 1048 3877 πταίουσι
1064 3813 1118 3876 καὶ
1134 3818 1331 3898 κατορθουσι

290 3922 469 4004 συγχαίρειν
493 3917 747 4000 ἐπιδεικνύμενος
769 3920 905 4002 respicit

196 4027 284 4092 Xen.
302 4034 339 4089 K.
357 4024 446 4090 παιδ.
471 4028 497 4110 I,
515 4035 544 4111 6,
570 4032 612 4092 24
635 4025 672 4090 τό
695 4026 728 4089 δὲ
752 4025 959 4112 συνηδόμενόν
974 4050 1008 4090 τε
1026 4031 1215 4113 φαίνεσθαι,
1240 4018 1276 4112 ’ἥν
1299 4049 1331 4088 τι

290 4123 417 4216 οίγαθόν
440 4124 550 4209 αύτοῖς
573 4138 739 4219 συμβαίνῃ,
764 4133 818 4195 καὶ
841 4132 1088 4214 συναχθόμενον,
1113 4126 1149 4219 ἢν
1172 4156 1204 4195 τι
1226 4129 1329 4194 κακόν.

289 4245 324 4305 et
346 4240 438 4324 VIII,
464 4247 529 4324 λλ
554 4239 761 4326 συνηδόμενος
783 4240 841 4321 μὲν
865 4238 921 4304 ἐπὶ
944 4251 1014 4315 τοῖς
1037 4232 1179 4322 ιίγαθοῑς
1196 4236 1332 4325 φανερός

290 4342 382 4425 εἶναι,
408 4345 645 4429 συναχθόμενος
669 4339 755 4412 δέπὶ
778 4356 848 4423 τοῖς
870 4356 988 4423 κακοῖς.
