2964 4980
633 372 848 439 ..qq-

153 565 225 652 fuit,
249 568 458 635 Libaniorum
474 569 615 634 locorum
639 571 680 634 ad
697 567 910 633 Themistium
934 567 1151 647 spectantium
1174 585 1326 632 numerus

154 677 248 757 paulo
272 675 374 741 maior
390 681 441 741 est
465 696 559 756 quam
575 681 755 741 ceterorum
778 674 988 740 imitationes.
1022 673 1173 740 Julianus
1189 674 1326 755 denique

153 802 171 847 e
187 784 401 864 Xenophonte
425 787 460 848 et
475 781 579 848 Dione
603 782 776 864 praecipue
791 781 902 847 hausit
923 786 1020 862 atque
1037 780 1193 863 Synesius
1209 780 1326 846 Dionis

153 895 187 955 et
210 889 382 955 Themistii
405 895 457 954 est
480 894 633 954 sectator.

242 998 432 1062 Tractatum
456 995 557 1078 igitur
579 997 641 1061 hac
664 994 884 1076 disputatione
907 1000 968 1078 est,
993 995 1107 1075 quibus
1131 997 1227 1060 rebus
1251 1015 1325 1060 con·

153 1104 299 1169 sentiant
329 1102 449 1186 singuli
477 1105 517 1168 de
548 1122 658 1185 regum
692 1103 867 1169 virtutibus
903 1102 1088 1185 scriptores,
1117 1101 1326 1183 requisiverit

153 1211 233 1294 quis,
258 1231 320 1292 qua
344 1212 383 1276 de
406 1229 442 1275 re
461 1229 524 1274 non
541 1210 711 1293 egerimus,
736 1229 795 1290 quo
819 1209 972 1274 differant
994 1208 1081 1274 inter
1105 1228 1140 1274 se
1164 1215 1220 1274 aut
1244 1228 1326 1289 quae

152 1317 274 1398 placita
301 1317 498 1398 posteriores
526 1317 725 1397 superiorum
761 1315 934 1381 sententiis
964 1315 1152 1381 adiecerint.
1207 1316 1325 1399 Quam-

152 1445 246 1505 quam
275 1429 383 1490 autem
413 1424 596 1488 accuratius
626 1423 659 1487 in
690 1424 774 1488 hanc
802 1442 870 1488 rem
893 1442 956 1487 non
985 1422 1147 1506 inquisivi,
1171 1422 1325 1488 confiteor

152 1532 239 1598 visos
271 1550 344 1596 esse
372 1530 450 1594 mihi
478 1531 675 1611 posteriores
713 1530 857 1595 homines
895 1530 1077 1595 sententias
1106 1549 1207 1595 novas
1238 1529 1325 1594 haud

151 1638 270 1703 multas
295 1637 458 1719 attulisse,
482 1637 547 1701 nisi
571 1638 652 1717 quod
677 1637 806 1717 singula
828 1634 952 1717 placita
983 1636 1143 1718 copiosius
1171 1636 1324 1716 expinxe-

151 1750 228 1811 runt
260 1763 423 1824 nouasque
451 1742 609 1826 imagines
617 1743 648 1829 *)
672 1742 874 1809 invenerunt.
923 1745 1045 1809 Tamen
1069 1743 1153 1808 alius
1182 1742 1324 1808 fortasse

151 1871 280 1932 operam
312 1852 385 1916 huic
409 1850 591 1931 quaestioni
614 1850 751 1917 navabit
773 1869 919 1930 novaque
943 1871 963 1916 a
986 1848 1219 1931 posterioribus
1245 1850 1324 1915 scri-

150 1958 298 2038 ptoribus
321 1963 454 2038 reperta
478 1957 663 2022 enucleabit
687 1963 783 2038 atque
808 1957 919 2023 oculis·
932 1957 1054 2022 nostris
1077 1960 1243 2037 proponet.

221 2190 249 2256 *)
269 2189 302 2242 cf.
322 2188 436 2255 exempli
456 2205 537 2240 causa
556 2189 629 2240 Plut.
649 2204 674 2254 p.
695 2191 754 2241 122.
781 2189 874 2240 Them.
894 2204 919 2254 p.
939 2190 973 2240 78
987 2204 1008 2240 c.
1028 2187 1101 2240 9111.
1123 2188 1172 2238 107
1186 2203 1210 2238 a.
1229 2186 1289 2240 Lib.
1301 2187 1323 2252 Ι,

150 2280 237 2342 4613.
257 2279 343 2342 62114.
362 2279 466 2342 calpe.
485 2279 581 2342 471‚23
601 2277 694 2345 (huius
714 2277 784 2343 disp.
803 2294 829 2343 p.
847 2279 880 2329 41
901 2277 983 2346 mccl.)
