2964 4980
628 257 850 319 ..15-

241 448 384 533 Quarum
407 448 577 517 libidinum
601 449 666 516 etsi
689 470 799 516 omnes
821 450 966 516 hemines
990 456 1118 534 oportet
1140 472 1259 519 vacuos
1288 474 1327 520 ae

148 555 271 622 liberes
299 577 381 642 esse,
410 562 520 623 tamen
547 577 658 640 regem
685 563 818 639 praeter
840 564 967 624 eeteros
992 560 1094 643 deeet,
1124 561 1274 641 quoniam
1297 561 1326 627 is

149 663 207 746 qui
229 669 348 747 regnat
371 665 510 746 optimus
534 684 607 730 esse
623 667 730 732 debet.
764 667 835 730 Hoc
858 685 928 731 eum
944 668 1092 732 Platonis
1116 667 1328 734 aristocratia

148 770 251 836 Dioni
274 772 434 838 convenit.

239 915 270 979 p.
297 902 359 962 116
383 895 439 978 tiu
454 895 534 960 κατὰ
553 895 652 984 φύσιν
675 905 732 961 τοῦ
747 901 926 983 κρείττονος
949 906 1013 962 τῶν
1033 895 1209 964 ἐλαττόνων
1231 890 1327 987 α’ρχὴν

148 1005 205 1067 καὶ
228 1001 392 1090 πρόνοιαν.
439 1009 474 1070 et
497 1023 527 1087 p.
556 1010 615 1068 121
641 1007 722 1070 med.
754 1002 792 1069 τὸ
820 1006 945 1088 βέλτιον
974 1013 1031 1069 τοῦ
1060 1000 1190 1092 ἥττονος
1220 1005 1328 1084 έταξεν

151 1103 169 1173 δ
192 1108 274 1186 θεὸς
296 1121 445 1197 προνοεῖν
468 1111 580 1176 τεκαὶ
603 1103 720 1197 ἄρχειν.

240 1237 293 1302 Ad
310 1238 531 1318 assequendas
548 1243 656 1302 autem
672 1241 707 1301 et
721 1237 935 1319 perficiendas
951 1237 1092 1304 virtutes
1107 1258 1167 1305 rex
1182 1240 1328 1305 imitetur

150 1345 266 1416 Deum.

149 1468 247 1535 Plato
271 1469 343 1533 πολ.
369 1476 432 1535 613
457 1477 488 1533 Α
513 1467 549 1546 ὃς
572 1464 611 1534 δν
635 1474 887 1555 προθοιιεῖσθαι
911 1467 1007 1557 ἐθέλῃ
1032 1470 1153 1548 δίκαιος
1176 1476 1329 1555 γίνεσθαι

285 1576 340 1639 καὶ
370 1573 563 1663 ἐπιτηδεύων
586 1568 699 1662 δρετὴν
722 1575 769 1652 εἰς
792 1571 867 1640 ὅσον
895 1576 1025 1641 δυνατὸν
1048 1569 1211 1665 α’νθραίτφ
1236 1572 1328 1661 δμοι-

287 1688 408 1747 σῦσθαι
430 1688 512 1769 θεῷ.

196 1789 259 1855 Dio
282 1808 312 1873 p.
339 1796 380 1855 56
404 1789 447 1855 in.
496 1787 727 1872 ἐπιμελεῖσθαι
751 1788 832 1876 πρὸς
856 1787 984 1870 ἐκεῖνον,
1010 1784 1054 1868 ῶς
1077 1790 1208 1856 δυνατόν
1233 1789 1328 1870 ἐστιν,

286 1887 482 1974 εδθκίνοντας
504 1898 558 1961 καὶ
582 1888 822 1984 οίφομοιοῦντας
845 1895 900 1961 τὸν
924 1891 1029 1963 αὑτῶν
1052 1897 1181 1985 τρόπον.

242 2023 331 2088 Deus
355 2024 440 2088 enim
463 2028 582 2089 natura
606 2044 665 2089 sua
687 2026 790 2091 bonus
815 2029 868 2089 est
889 2027 1107 2105 bonorumque
1132 2030 1254 2090 auctor.

148 2147 248 2211 Plato
273 2153 336 2212 379
360 2155 392 2211 A
421 2138 533 2212 οδκοῦν
556 2138 684 2231 δγαθδς
708 2141 726 2212 δ
748 2170 784 2231 γε
806 2146 887 2223 θεὸς
910 2156 957 2233 τῷ
981 2140 1048 2212 δντι
1071 2149 1183 2212 τεκαὶ
1206 2150 1331 2214 λεκτέον

290 2247 405 2334 οὕτως·
452 2261 557 2320 379Β
579 2252 596 2317 δ
618 2254 652 2319 δέ
675 2278 710 2338 γε
732 2253 827 2341 μηδὲν
851 2252 946 2319 κακὸν
970 2264 1069 2333 ποιεί,
1095 2247 1161 2319 οὐδ
1184 2249 1224 2320 δίν
1246 2280 1332 2332 τινος
1411 2248 1413 2254 ’

291 2358 339 2447 ε’ίη
362 2370 459 2426 κακοῦ
483 2358 603 2440 α’ίτισν,·
651 2368 713 2427 379
740 2363 766 2427 0
798 2362 852 2425 καὶ
880 2370 944 2426 τῶν
975 2361 1033 2443 μὲν
1061 2354 1198 2446 ἀγαθῶν
1222 2354 1333 2428 οὐδένα

289 2460 383 2534 δίλλον
407 2467 577 2547 αἰτιατέον,
601 2477 666 2533 τῶν
689 2468 721 2532 δὲ
744 2477 849 2532 κακῶν
880 2461 949 2533 ἄλλ’
973 2461 1053 2532 ἄττα
1082 2469 1131 2533 δεῖ
1161 2468 1264 2556 ζητεῖν
1291 2469 1331 2535 τὰ

290 2573 389 2655 α’ίτια,
414 2567 484 2640 οἷλλ>
508 2567 543 2641 οὗ
567 2573 622 2640 τὸν
645 2573 735 2640 θεόν.

199 2681 264 2747 Dio
287 2701 317 2766 p.
344 2689 384 2748 56
408 2684 461 2748 fin.
509 2683 563 2746 καὶ
599 2687 715 2767 μορίας
745 2675 842 2758 δίλλας
877 2679 1062 2770 ἐπικλήσεις
1096 2680 1184 2762 έχων,
1224 2681 1335 2759 ποίσας

290 2780 422 2874 lyaeus
444 2790 499 2853 καὶ
521 2781 660 2873 α’γαθιῦν
684 2787 799 2866 αἰτίας.
847 2795 881 2855 et
895 2807 926 2872 p.
946 2794 984 2854 51
1011 2789 1144 2856 exhibet
1167 2809 1208 2854 ne
1224 2809 1334 2872 regem
1402 2820 1405 2826 ·

292 2897 419 2979 quidem
442 2897 539 2962 ullius
562 2897 640 2961 mali
664 2901 828 2962 auctorem
845 2897 1005 2962 exsistere
1022 2899 1154 2962 debere:
1178 2904 1277 2960 κακοῦ
1300 2895 1333 2960 δέ

291 2992 384 3088 ἦττον
401 3001 504 3080 αίτιος
527 3007 678 3087 γίνεσθαι
695 3007 838 3090 πέφυκεν
861 2995 977 3090 ἥπερδ
999 2996 1088 3089 ἥλιος
1110 3011 1168 3067 τοῦ
1191 3000 1333 3078 σκότους.

247 3090 350 3194 Plane
373 3128 555 3193 contrarius
584 3127 655 3209 regi
678 3132 730 3192 est
760 3131 930 3210 tyrannus,
959 3127 1014 3209 qui
1042 3127 1215 3211 praecipue
1244 3133 1336 3193 earet

154 3234 313 3300 amicitia.

154 3359 255 3424 Plato
279 3359 352 3422 πολ.
371 3365 434 3424 676
451 3367 483 3423 A
508 3359 619 3446 φιλίας
635 3349 779 3445 δληθοῦς
801 3356 962 3443 τυραννικδ
985 3357 1084 3446 φύσις
1099 3350 1152 3423 aiei
1173 3352 1334 3444 δ’γεοστος.

202 3465 267 3531 Dio
289 3484 320 3547 p.
346 3472 409 3530 217
433 3467 514 3531 med.
552 3473 609 3529 τοῦ
637 3465 670 3529 δὲ
698 3465 868 3528 καλλίστου
897 3465 952 3528 καὶ
974 3463 1238 3530 λυσιτελέστατα)
1260 3464 1336 3551 κτή-

292 3596 394 3653 ματος
424 3565 577 3637 ἁπάντων
611 3569 697 3637 ἐστίν
729 3563 948 3657 οἷποροίτατος,
980 3564 1104 3648 εὐνοίας
1131 3571 1186 3635 καὶ
1215 3573 1335 3659 φιλίας.

295 3683 329 3744 et
357 3697 388 3762 p.
420 3685 481 3744 137
512 3678 566 3743 fin.
621 3676 752 3743 πάντων
786 3676 847 3765 γὰρ
880 3670 1093 3765 οἷπορῶτατός
1124 3675 1193 3742 ἐστι
1227 3678 1337 3763 φιλίας

294 3782 454 3870 τύραννος.

251 3892 351 3958 Caret
373 3891 490 3958 deinde
513 3892 612 3958 animi
636 3891 888 3973 tranquillitate.

154 4019 257 4084 Plato
281 4016 354 4081 πολ.
381 4023 443 4082 679
468 4027 497 4081 Β
517 4017 645 4081 πολλῶν
671 4017 724 4080 καὶ
753 4016 971 4080 παντοδαπῶν
995 4013 1104 4102 φόβων
1127 4013 1181 4077 καὶ
1211 4011 1337 4098 ἐρώτων

295 4121 421 4205 μεστός.
468 4129 503 4189 et
527 4128 589 4188 679
614 4132 645 4185 Ε
678 4123 732 4186 καὶ
761 4121 820 4198 τὰς
848 4119 1029 4202 ἐπιθυμίας
1060 4111 1125 4184 οὐδ’
1156 4112 1338 4184 ὁπωστιοῦν

295 4220 514 4312 α’ποπιμπλδς
530 4278 537 4292 .
556 4277 589 4292 ..
614 4229 669 4292 καὶ
693 4226 803 4315 φόβων
826 4231 931 4311 γέμων
954 4224 1006 4291 διδ
1030 4224 1151 4302 παντὸς
1174 4234 1230 4289 τοῦ
1252 4230 1334 4309 βίον.
