<?xml version="1.0" encoding="UTF-8"?>
<!DOCTYPE html PUBLIC "-//W3C//DTD XHTML 1.0 Transitional//EN"
    "http://www.w3.org/TR/xhtml1/DTD/xhtml1-transitional.dtd">
<html xmlns="http://www.w3.org/1999/xhtml" xml:lang="en" lang="en">
 <head>
  <title>
</title>
<meta http-equiv="Content-Type" content="text/html;charset=utf-8" />
  <meta name='ocr-system' content='tesseract 3.04.00' />
  <meta name='ocr-capabilities' content='ocr_page ocr_carea ocr_par ocr_line ocrx_word'/>
</head>
<body>
  <div class='ocr_page' id='page_1' title='image "./comparanturinte00barngoog_0039.png"; bbox 0 0 2964 4980; ppageno 0'>
   <div class='ocr_carea' id='block_1_1' title="bbox 745 315 959 384">
    <p class='ocr_par' dir='ltr' id='par_1_1' title="bbox 745 315 959 384">
     <span class='ocr_line' id='line_1_1' title="bbox 745 315 959 384; baseline -0.005 -18"><span class='ocrx_word' id='word_1_1' title='bbox 745 315 959 384; x_wconf 57' lang='grc' dir='ltr'><strong><em>...3.1.ἡ</em></strong></span> 
     </span>
    </p>
   </div>
   <div class='ocr_carea' id='block_1_2' title="bbox 267 505 1450 3169">
    <p class='ocr_par' dir='ltr' id='par_1_2' title="bbox 267 505 1441 709">
     <span class='ocr_line' id='line_1_2' title="bbox 267 505 1441 602; baseline 0 -22"><span class='ocrx_word' id='word_1_2' title='bbox 267 505 376 599; x_wconf 68' lang='lat' dir='ltr'>Them.</span> <span class='ocrx_word' id='word_1_3' title='bbox 402 534 432 595; x_wconf 92' lang='lat' dir='ltr'><strong><em>p.</em></strong></span> <span class='ocrx_word' id='word_1_4' title='bbox 459 520 515 580; x_wconf 78' lang='lat'><strong><em>30</em></strong></span> <span class='ocrx_word' id='word_1_5' title='bbox 554 505 598 590; x_wconf 77' lang='grc' dir='ltr'><strong><em>ὡς</em></strong></span> <span class='ocrx_word' id='word_1_6' title='bbox 634 514 801 591; x_wconf 79' lang='grc' dir='ltr'><strong><em>κολακείας</em></strong></span> <span class='ocrx_word' id='word_1_7' title='bbox 837 514 895 597; x_wconf 79' lang='grc' dir='ltr'><strong><em>μὲν</em></strong></span> <span class='ocrx_word' id='word_1_8' title='bbox 935 507 989 578; x_wconf 82' lang='grc' dir='ltr'><strong><em>οδκ</em></strong></span> <span class='ocrx_word' id='word_1_9' title='bbox 1029 507 1103 579; x_wconf 75' lang='grc' dir='ltr'><strong><em>ἔσθ’</em></strong></span> <span class='ocrx_word' id='word_1_10' title='bbox 1120 509 1170 580; x_wconf 82' lang='grc' dir='ltr'><strong><em>ότι</em></strong></span> <span class='ocrx_word' id='word_1_11' title='bbox 1194 513 1441 602; x_wconf 70' lang='grc' dir='ltr'><em>δυσμενέστερον</em></span> 
     </span>
     <span class='ocr_line' id='line_1_3' title="bbox 399 613 548 709; baseline 0 -25"><span class='ocrx_word' id='word_1_12' title='bbox 399 613 548 709; x_wconf 78' lang='grc' dir='ltr'><strong><em>όληθείη.</em></strong></span> 
     </span>
    </p>

    <p class='ocr_par' dir='ltr' id='par_1_3' title="bbox 310 723 1444 924">
     <span class='ocr_line' id='line_1_4' title="bbox 310 723 1444 814; baseline 0.001 -19"><span class='ocrx_word' id='word_1_13' title='bbox 310 729 372 796; x_wconf 84' lang='lat' dir='ltr'><strong><em>Dio</em></strong></span> <span class='ocrx_word' id='word_1_14' title='bbox 396 751 426 812; x_wconf 88' lang='lat' dir='ltr'><strong><em>p.</em></strong></span> <span class='ocrx_word' id='word_1_15' title='bbox 456 735 516 794; x_wconf 87' lang='lat'><strong><em>106</em></strong></span> <span class='ocrx_word' id='word_1_16' title='bbox 540 731 621 795; x_wconf 80' lang='lat' dir='ltr'>med.</span> <span class='ocrx_word' id='word_1_17' title='bbox 659 737 773 793; x_wconf 85' lang='grc' dir='ltr'><strong><em>πασαῖν</em></strong></span> <span class='ocrx_word' id='word_1_18' title='bbox 807 727 867 814; x_wconf 77' lang='grc' dir='ltr'><strong><em>γὰρ</em></strong></span> <span class='ocrx_word' id='word_1_19' title='bbox 902 723 946 806; x_wconf 82' lang='grc' dir='ltr'><strong><em>ιῦς</em></strong></span> <span class='ocrx_word' id='word_1_20' title='bbox 981 727 1059 807; x_wconf 68' lang='grc' dir='ltr'><strong><em>ἔπος</em></strong></span> <span class='ocrx_word' id='word_1_21' title='bbox 1094 730 1198 795; x_wconf 81' lang='grc' dir='ltr'><strong><em>εἰπεῖν</em></strong></span> <span class='ocrx_word' id='word_1_22' title='bbox 1226 739 1290 796; x_wconf 84' lang='grc' dir='ltr'><strong><em>ταῖν</em></strong></span> <span class='ocrx_word' id='word_1_23' title='bbox 1321 739 1444 796; x_wconf 84' lang='grc' dir='ltr'><strong><em>κακιαῖν</em></strong></span> 
     </span>
     <span class='ocr_line' id='line_1_5' title="bbox 400 831 1084 924; baseline 0.006 -26"><span class='ocrx_word' id='word_1_24' title='bbox 400 835 566 923; x_wconf 74' lang='grc' dir='ltr'><strong><em>αἰσχίστην</em></strong></span> <span class='ocrx_word' id='word_1_25' title='bbox 588 831 627 900; x_wconf 79' lang='grc' dir='ltr'><strong><em>δν</em></strong></span> <span class='ocrx_word' id='word_1_26' title='bbox 650 831 735 923; x_wconf 79' lang='grc' dir='ltr'><strong><em>εόροι</em></strong></span> <span class='ocrx_word' id='word_1_27' title='bbox 759 861 808 913; x_wconf 89' lang='grc' dir='ltr'><strong><em>τις</em></strong></span> <span class='ocrx_word' id='word_1_28' title='bbox 831 835 886 924; x_wconf 77' lang='grc' dir='ltr'><strong><em>την</em></strong></span> <span class='ocrx_word' id='word_1_29' title='bbox 909 837 1084 902; x_wconf 79' lang='grc' dir='ltr'><strong><em>κολακείαν.</em></strong></span> 
     </span>
    </p>

    <p class='ocr_par' dir='ltr' id='par_1_4' title="bbox 268 936 1443 1133">
     <span class='ocr_line' id='line_1_6' title="bbox 268 936 1443 1030; baseline -0.003 -19"><span class='ocrx_word' id='word_1_30' title='bbox 268 947 378 1011; x_wconf 79' lang='lat' dir='ltr'>Them.</span> <span class='ocrx_word' id='word_1_31' title='bbox 404 966 433 1025; x_wconf 90' lang='lat' dir='ltr'><strong><em>p.</em></strong></span> <span class='ocrx_word' id='word_1_32' title='bbox 462 950 501 1008; x_wconf 81' lang='lat'><strong><em>15</em></strong></span> <span class='ocrx_word' id='word_1_33' title='bbox 518 947 574 1010; x_wconf 86' lang='lat' dir='ltr'><strong><em>ab</em></strong></span> <span class='ocrx_word' id='word_1_34' title='bbox 597 944 652 1007; x_wconf 86' lang='grc' dir='ltr'><strong><em>καί</em></strong></span> <span class='ocrx_word' id='word_1_35' title='bbox 676 936 771 1020; x_wconf 75' lang='grc' dir='ltr'><strong><em>αὐτὸς</em></strong></span> <span class='ocrx_word' id='word_1_36' title='bbox 794 943 890 1026; x_wconf 90' lang='grc' dir='ltr'><strong><em>νόμος</em></strong></span> <span class='ocrx_word' id='word_1_37' title='bbox 914 939 958 1009; x_wconf 58' lang='lat' dir='ltr'><strong><em>pv</em></strong></span> <span class='ocrx_word' id='word_1_38' title='bbox 980 946 1035 1008; x_wconf 85' lang='grc' dir='ltr'><strong><em>καὶ</em></strong></span> <span class='ocrx_word' id='word_1_39' title='bbox 1058 938 1207 1030; x_wconf 76' lang='grc' dir='ltr'><strong><em>ἱπερόνιο</em></strong></span> <span class='ocrx_word' id='word_1_40' title='bbox 1234 954 1299 1010; x_wconf 77' lang='grc' dir='ltr'><strong><em>τιον</em></strong></span> <span class='ocrx_word' id='word_1_41' title='bbox 1322 944 1443 1028; x_wconf 88' lang='grc' dir='ltr'><strong><em>νόμιον.</em></strong></span> 
     </span>
     <span class='ocr_line' id='line_1_7' title="bbox 400 1052 634 1133; baseline 0 -15"><span class='ocrx_word' id='word_1_42' title='bbox 400 1052 440 1118; x_wconf 76' lang='lat' dir='ltr'><strong><em>cf.</em></strong></span> <span class='ocrx_word' id='word_1_43' title='bbox 466 1072 495 1133; x_wconf 83' lang='lat' dir='ltr'><strong><em>p.</em></strong></span> <span class='ocrx_word' id='word_1_44' title='bbox 524 1058 584 1116; x_wconf 75' lang='grc' dir='ltr'><strong><em>ιιι</em></strong></span> <span class='ocrx_word' id='word_1_45' title='bbox 602 1054 634 1118; x_wconf 86' lang='lat' dir='ltr'><strong><em>b.</em></strong></span> 
     </span>
    </p>

    <p class='ocr_par' dir='ltr' id='par_1_5' title="bbox 312 1157 1025 1243">
     <span class='ocr_line' id='line_1_8' title="bbox 312 1157 1025 1243; baseline -0.004 -18"><span class='ocrx_word' id='word_1_46' title='bbox 312 1160 374 1226; x_wconf 87' lang='lat' dir='ltr'><strong><em>Dio</em></strong></span> <span class='ocrx_word' id='word_1_47' title='bbox 398 1180 428 1241; x_wconf 90' lang='lat' dir='ltr'><strong><em>p.</em></strong></span> <span class='ocrx_word' id='word_1_48' title='bbox 457 1164 517 1223; x_wconf 86' lang='lat'><strong><em>105</em></strong></span> <span class='ocrx_word' id='word_1_49' title='bbox 541 1158 585 1223; x_wconf 91' lang='lat' dir='ltr'><strong><em>in.</em></strong></span> <span class='ocrx_word' id='word_1_50' title='bbox 609 1166 656 1243; x_wconf 79' lang='grc' dir='ltr'><strong><em>τηῖ</em></strong></span> <span class='ocrx_word' id='word_1_51' title='bbox 678 1157 800 1240; x_wconf 79' lang='grc' dir='ltr'><strong><em>μείζονι</em></strong></span> <span class='ocrx_word' id='word_1_52' title='bbox 823 1167 887 1224; x_wconf 85' lang='grc' dir='ltr'><strong><em>ταῖν</em></strong></span> <span class='ocrx_word' id='word_1_53' title='bbox 911 1157 1025 1240; x_wconf 87' lang='grc' dir='ltr'><strong><em>νόμιον.</em></strong></span> 
     </span>
    </p>

    <p class='ocr_par' dir='ltr' id='par_1_6' title="bbox 268 1258 1252 1350">
     <span class='ocr_line' id='line_1_9' title="bbox 268 1258 1252 1350; baseline -0.003 -19"><span class='ocrx_word' id='word_1_54' title='bbox 268 1268 378 1331; x_wconf 83' lang='lat' dir='ltr'>Them.</span> <span class='ocrx_word' id='word_1_55' title='bbox 404 1286 433 1347; x_wconf 89' lang='lat' dir='ltr'><strong><em>p.</em></strong></span> <span class='ocrx_word' id='word_1_56' title='bbox 462 1266 516 1329; x_wconf 86' lang='lat' dir='ltr'><strong><em>7b</em></strong></span> <span class='ocrx_word' id='word_1_57' title='bbox 541 1258 604 1349; x_wconf 77' lang='grc' dir='ltr'><strong><em>ὅτῳ</em></strong></span> <span class='ocrx_word' id='word_1_58' title='bbox 629 1262 750 1342; x_wconf 72' lang='grc' dir='ltr'><strong><em>ἐ’ξεστιν</em></strong></span> <span class='ocrx_word' id='word_1_59' title='bbox 773 1259 900 1329; x_wconf 66' lang='grc' dir='ltr'><strong><em>ἅπαντα</em></strong></span> <span class='ocrx_word' id='word_1_60' title='bbox 925 1278 1032 1330; x_wconf 83' lang='grc' dir='ltr'><strong><em>ποιεῖν</em></strong></span> <span class='ocrx_word' id='word_1_61' title='bbox 1056 1258 1252 1350; x_wconf 72' lang='grc' dir='ltr'><strong><em>ὀργισθέντι.</em></strong></span> 
     </span>
    </p>

    <p class='ocr_par' dir='ltr' id='par_1_7' title="bbox 312 1365 874 1456">
     <span class='ocr_line' id='line_1_10' title="bbox 312 1365 874 1456; baseline -0.005 -17"><span class='ocrx_word' id='word_1_62' title='bbox 312 1373 374 1440; x_wconf 83' lang='lat' dir='ltr'><strong><em>Dio</em></strong></span> <span class='ocrx_word' id='word_1_63' title='bbox 399 1393 429 1454; x_wconf 92' lang='lat' dir='ltr'><strong><em>p.</em></strong></span> <span class='ocrx_word' id='word_1_64' title='bbox 457 1377 518 1437; x_wconf 87' lang='lat'><strong><em>105</em></strong></span> <span class='ocrx_word' id='word_1_65' title='bbox 543 1365 608 1456; x_wconf 78' lang='grc' dir='ltr'><strong><em>ότιμ</em></strong></span> <span class='ocrx_word' id='word_1_66' title='bbox 631 1365 737 1437; x_wconf 78' lang='grc' dir='ltr'><strong><em>πάντα</em></strong></span> <span class='ocrx_word' id='word_1_67' title='bbox 762 1370 874 1449; x_wconf 74' lang='grc' dir='ltr'><strong><em>ἔξεστι.</em></strong></span> 
     </span>
    </p>

    <p class='ocr_par' dir='ltr' id='par_1_8' title="bbox 270 1474 1446 1565">
     <span class='ocr_line' id='line_1_11' title="bbox 270 1474 1446 1565; baseline 0 -19"><span class='ocrx_word' id='word_1_68' title='bbox 270 1483 428 1562; x_wconf 74' lang='grc' dir='ltr'><strong><em>Τ116111.ρ.</em></strong></span> <span class='ocrx_word' id='word_1_69' title='bbox 447 1487 466 1544; x_wconf 85' lang='grc'><strong>6</strong></span> <span class='ocrx_word' id='word_1_70' title='bbox 484 1501 504 1546; x_wconf 84' lang='lat' dir='ltr'>a</span> <span class='ocrx_word' id='word_1_71' title='bbox 528 1484 560 1542; x_wconf 91' lang='grc' dir='ltr'><strong><em>τί</em></strong></span> <span class='ocrx_word' id='word_1_72' title='bbox 583 1477 643 1564; x_wconf 80' lang='grc' dir='ltr'><strong><em>γὰρ</em></strong></span> <span class='ocrx_word' id='word_1_73' title='bbox 666 1478 834 1565; x_wconf 86' lang='grc' dir='ltr'><strong><em>θειότερον</em></strong></span> <span class='ocrx_word' id='word_1_74' title='bbox 857 1479 980 1544; x_wconf 90' lang='grc' dir='ltr'><strong><em>δικαίου</em></strong></span> <span class='ocrx_word' id='word_1_75' title='bbox 996 1479 1097 1544; x_wconf 79' lang='grc' dir='ltr'><strong><em>πολλὰ</em></strong></span> <span class='ocrx_word' id='word_1_76' title='bbox 1115 1474 1235 1546; x_wconf 78' lang='grc' dir='ltr'><strong><em>ἄδικεῖν</em></strong></span> <span class='ocrx_word' id='word_1_77' title='bbox 1251 1481 1446 1564; x_wconf 71' lang='grc' dir='ltr'><strong><em>δυναμένους</em></strong></span> 
     </span>
    </p>

    <p class='ocr_par' dir='ltr' id='par_1_9' title="bbox 312 1577 1446 1778">
     <span class='ocr_line' id='line_1_12' title="bbox 312 1577 1446 1672; baseline 0.001 -18"><span class='ocrx_word' id='word_1_78' title='bbox 312 1589 375 1654; x_wconf 87' lang='lat' dir='ltr'><strong><em>Dio</em></strong></span> <span class='ocrx_word' id='word_1_79' title='bbox 400 1610 428 1669; x_wconf 94' lang='lat' dir='ltr'><strong><em>p.</em></strong></span> <span class='ocrx_word' id='word_1_80' title='bbox 458 1595 518 1653; x_wconf 88' lang='grc'><strong><em>103</em></strong></span> <span class='ocrx_word' id='word_1_81' title='bbox 543 1577 569 1672; x_wconf 62' lang='grc' dir='ltr'><strong><em>ηδ</em></strong></span> <span class='ocrx_word' id='word_1_82' title='bbox 601 1585 661 1672; x_wconf 80' lang='grc' dir='ltr'><strong><em>γὰρ</em></strong></span> <span class='ocrx_word' id='word_1_83' title='bbox 689 1584 757 1664; x_wconf 76' lang='grc' dir='ltr'><strong><em>ἐξόν</em></strong></span> <span class='ocrx_word' id='word_1_84' title='bbox 782 1640 788 1651; x_wconf 94' lang='grc'><strong><em>.</em></strong></span> <span class='ocrx_word' id='word_1_85' title='bbox 816 1639 822 1650; x_wconf 94' lang='grc'><strong><em>.</em></strong></span> <span class='ocrx_word' id='word_1_86' title='bbox 849 1639 855 1650; x_wconf 94' lang='grc'><strong><em>.</em></strong></span> <span class='ocrx_word' id='word_1_87' title='bbox 881 1588 1064 1672; x_wconf 72' lang='grc' dir='ltr'><strong><em>ταράττοντα</em></strong></span> <span class='ocrx_word' id='word_1_88' title='bbox 1088 1583 1105 1653; x_wconf 83' lang='grc' dir='ltr'><strong><em>ό</em></strong></span> <span class='ocrx_word' id='word_1_89' title='bbox 1128 1614 1160 1653; x_wconf 94' lang='grc' dir='ltr'><strong><em>τι</em></strong></span> <span class='ocrx_word' id='word_1_90' title='bbox 1176 1587 1333 1672; x_wconf 74' lang='grc' dir='ltr'><strong><em>βούλεται,</em></strong></span> <span class='ocrx_word' id='word_1_91' title='bbox 1361 1591 1389 1655; x_wconf 88' lang='lat' dir='ltr'><strong><em>si</em></strong></span> <span class='ocrx_word' id='word_1_92' title='bbox 1415 1590 1446 1655; x_wconf 84' lang='lat' dir='ltr'><strong><em>is</em></strong></span> 
     </span>
     <span class='ocr_line' id='line_1_13' title="bbox 400 1692 1444 1778; baseline 0 -18"><span class='ocrx_word' id='word_1_93' title='bbox 400 1696 506 1760; x_wconf 83' lang='lat' dir='ltr'>iustus</span> <span class='ocrx_word' id='word_1_94' title='bbox 530 1701 590 1778; x_wconf 81' lang='lat' dir='ltr'><strong>est,</strong></span> <span class='ocrx_word' id='word_1_95' title='bbox 615 1696 731 1761; x_wconf 82' lang='lat' dir='ltr'>beatus</span> <span class='ocrx_word' id='word_1_96' title='bbox 754 1696 834 1778; x_wconf 79' lang='lat' dir='ltr'>ipse,</span> <span class='ocrx_word' id='word_1_97' title='bbox 858 1696 948 1761; x_wconf 77' lang='lat' dir='ltr'><strong>beati</strong></span> <span class='ocrx_word' id='word_1_98' title='bbox 971 1696 1128 1762; x_wconf 80' lang='lat' dir='ltr'>homines!</span> <span class='ocrx_word' id='word_1_99' title='bbox 1442 1692 1444 1697; x_wconf 70' lang='grc'>’</span> 
     </span>
    </p>

    <p class='ocr_par' dir='ltr' id='par_1_10' title="bbox 269 1791 1447 1888">
     <span class='ocr_line' id='line_1_14' title="bbox 269 1791 1447 1888; baseline 0.002 -21"><span class='ocrx_word' id='word_1_100' title='bbox 269 1804 379 1868; x_wconf 81' lang='lat' dir='ltr'>Them.</span> <span class='ocrx_word' id='word_1_101' title='bbox 405 1823 434 1884; x_wconf 93' lang='lat' dir='ltr'><strong><em>p.</em></strong></span> <span class='ocrx_word' id='word_1_102' title='bbox 461 1809 514 1868; x_wconf 77' lang='lat'><strong><em>80</em></strong></span> <span class='ocrx_word' id='word_1_103' title='bbox 538 1810 609 1878; x_wconf 81' lang='grc' dir='ltr'><strong><em>παῖς</em></strong></span> <span class='ocrx_word' id='word_1_104' title='bbox 633 1791 687 1867; x_wconf 75' lang='grc' dir='ltr'><strong><em>οὖν</em></strong></span> <span class='ocrx_word' id='word_1_105' title='bbox 717 1795 753 1866; x_wconf 80' lang='grc' dir='ltr'><strong><em>οδ</em></strong></span> <span class='ocrx_word' id='word_1_106' title='bbox 784 1801 941 1888; x_wconf 82' lang='grc' dir='ltr'><strong><em>μακάριος</em></strong></span> <span class='ocrx_word' id='word_1_107' title='bbox 971 1796 1148 1887; x_wconf 77' lang='grc' dir='ltr'><strong><em>ἅνθρωπος</em></strong></span> <span class='ocrx_word' id='word_1_108' title='bbox 1176 1797 1275 1880; x_wconf 83' lang='grc' dir='ltr'><strong><em>όντιυς</em></strong></span> <span class='ocrx_word' id='word_1_109' title='bbox 1306 1800 1447 1882; x_wconf 74' lang='grc' dir='ltr'><strong><em>ἐκεῖνοςς</em></strong></span> 
     </span>
    </p>

    <p class='ocr_par' dir='ltr' id='par_1_11' title="bbox 313 1901 1448 2208">
     <span class='ocr_line' id='line_1_15' title="bbox 313 1901 1448 1996; baseline 0.001 -21"><span class='ocrx_word' id='word_1_110' title='bbox 313 1910 375 1975; x_wconf 82' lang='lat' dir='ltr'><strong><em>Dio</em></strong></span> <span class='ocrx_word' id='word_1_111' title='bbox 391 1929 421 1990; x_wconf 95' lang='lat' dir='ltr'><strong><em>p.</em></strong></span> <span class='ocrx_word' id='word_1_112' title='bbox 442 1915 505 1974; x_wconf 87' lang='grc'><strong><em>104</em></strong></span> <span class='ocrx_word' id='word_1_113' title='bbox 520 1910 564 1975; x_wconf 88' lang='lat' dir='ltr'><strong><em>in.</em></strong></span> <span class='ocrx_word' id='word_1_114' title='bbox 590 1918 661 1986; x_wconf 80' lang='grc' dir='ltr'><strong><em>παῖς</em></strong></span> <span class='ocrx_word' id='word_1_115' title='bbox 685 1901 740 1973; x_wconf 81' lang='grc' dir='ltr'><strong><em>οόκ</em></strong></span> <span class='ocrx_word' id='word_1_116' title='bbox 763 1904 802 1974; x_wconf 80' lang='grc' dir='ltr'><strong><em>δν</em></strong></span> <span class='ocrx_word' id='word_1_117' title='bbox 826 1908 915 1973; x_wconf 81' lang='grc' dir='ltr'><strong><em>ε’ίποι</em></strong></span> <span class='ocrx_word' id='word_1_118' title='bbox 931 1933 981 1985; x_wconf 84' lang='grc' dir='ltr'><strong><em>τις</em></strong></span> <span class='ocrx_word' id='word_1_119' title='bbox 1004 1910 1094 1974; x_wconf 83' lang='grc' dir='ltr'><strong><em>τοῖδε</em></strong></span> <span class='ocrx_word' id='word_1_120' title='bbox 1109 1919 1166 1974; x_wconf 82' lang='grc' dir='ltr'><strong><em>τοῦ</em></strong></span> <span class='ocrx_word' id='word_1_121' title='bbox 1182 1903 1295 1996; x_wconf 73' lang='grc' dir='ltr'><strong><em>α’νδρὸς</em></strong></span> <span class='ocrx_word' id='word_1_122' title='bbox 1314 1903 1448 1996; x_wconf 74' lang='grc' dir='ltr'><strong><em>ἀγαθὸν</em></strong></span> 
     </span>
     <span class='ocr_line' id='line_1_16' title="bbox 402 2009 1446 2103; baseline 0.002 -23"><span class='ocrx_word' id='word_1_123' title='bbox 402 2013 484 2080; x_wconf 79' lang='grc' dir='ltr'><strong><em>εἶναι</em></strong></span> <span class='ocrx_word' id='word_1_124' title='bbox 508 2014 563 2080; x_wconf 86' lang='grc' dir='ltr'><strong><em>τὸν</em></strong></span> <span class='ocrx_word' id='word_1_125' title='bbox 586 2017 737 2098; x_wconf 85' lang='grc' dir='ltr'><strong><em>δαίμονα,Ι</em></strong></span> <span class='ocrx_word' id='word_1_126' title='bbox 783 2038 813 2098; x_wconf 93' lang='lat' dir='ltr'><strong><em>p.</em></strong></span> <span class='ocrx_word' id='word_1_127' title='bbox 840 2024 880 2082; x_wconf 88' lang='lat'><strong><em>55</em></strong></span> <span class='ocrx_word' id='word_1_128' title='bbox 905 2019 959 2082; x_wconf 87' lang='lat' dir='ltr'><strong><em>fin.</em></strong></span> <span class='ocrx_word' id='word_1_129' title='bbox 985 2016 1143 2103; x_wconf 79' lang='grc' dir='ltr'><strong><em>μακάριος</em></strong></span> <span class='ocrx_word' id='word_1_130' title='bbox 1164 2017 1222 2100; x_wconf 84' lang='grc' dir='ltr'><strong><em>μὲν</em></strong></span> <span class='ocrx_word' id='word_1_131' title='bbox 1245 2009 1343 2095; x_wconf 80' lang='grc' dir='ltr'><strong><em>αδτός</em></strong></span> <span class='ocrx_word' id='word_1_132' title='bbox 1368 2069 1376 2082; x_wconf 97' lang='grc'><strong><em>.</em></strong></span> <span class='ocrx_word' id='word_1_133' title='bbox 1402 2069 1409 2081; x_wconf 94' lang='grc'><strong><em>.</em></strong></span> <span class='ocrx_word' id='word_1_134' title='bbox 1438 2069 1446 2082; x_wconf 97' lang='grc'><strong><em>.</em></strong></span> 
     </span>
     <span class='ocr_line' id='line_1_17' title="bbox 401 2116 733 2208; baseline 0 -22"><span class='ocrx_word' id='word_1_135' title='bbox 401 2122 554 2208; x_wconf 80' lang='grc' dir='ltr'><strong><em>μακάριοι</em></strong></span> <span class='ocrx_word' id='word_1_136' title='bbox 578 2123 611 2189; x_wconf 80' lang='grc' dir='ltr'><strong><em>δὲ</em></strong></span> <span class='ocrx_word' id='word_1_137' title='bbox 633 2116 733 2205; x_wconf 71' lang='grc' dir='ltr'><strong><em>ὑμεῖς.</em></strong></span> 
     </span>
    </p>

    <p class='ocr_par' dir='ltr' id='par_1_12' title="bbox 270 2224 1448 2422">
     <span class='ocr_line' id='line_1_18' title="bbox 270 2224 1448 2318; baseline 0.001 -23"><span class='ocrx_word' id='word_1_138' title='bbox 270 2232 380 2295; x_wconf 81' lang='lat' dir='ltr'>Them.</span> <span class='ocrx_word' id='word_1_139' title='bbox 405 2251 435 2312; x_wconf 92' lang='lat' dir='ltr'><strong><em>p.</em></strong></span> <span class='ocrx_word' id='word_1_140' title='bbox 456 2237 552 2297; x_wconf 76' lang='lat'>1320</span> <span class='ocrx_word' id='word_1_141' title='bbox 576 2228 610 2308; x_wconf 75' lang='grc' dir='ltr'><strong><em>ὃς</em></strong></span> <span class='ocrx_word' id='word_1_142' title='bbox 632 2231 748 2318; x_wconf 78' lang='grc' dir='ltr'><strong><em>μηδένα</em></strong></span> <span class='ocrx_word' id='word_1_143' title='bbox 772 2224 949 2317; x_wconf 71' lang='grc' dir='ltr'><strong><em>ἄνθρωπον</em></strong></span> <span class='ocrx_word' id='word_1_144' title='bbox 964 2227 1046 2309; x_wconf 76' lang='grc' dir='ltr'><strong><em>όλιος</em></strong></span> <span class='ocrx_word' id='word_1_145' title='bbox 1068 2225 1236 2317; x_wconf 78' lang='grc' dir='ltr'><strong><em>υἷλίότριον</em></strong></span> <span class='ocrx_word' id='word_1_146' title='bbox 1250 2240 1308 2316; x_wconf 78' lang='grc' dir='ltr'><strong><em>τῆς</em></strong></span> <span class='ocrx_word' id='word_1_147' title='bbox 1329 2230 1448 2296; x_wconf 76' lang='grc' dir='ltr'><strong><em>ἑαυτοῦ</em></strong></span> 
     </span>
     <span class='ocr_line' id='line_1_19' title="bbox 404 2342 734 2422; baseline -0.003 -20"><span class='ocrx_word' id='word_1_148' title='bbox 404 2342 557 2422; x_wconf 77' lang='grc' dir='ltr'><strong><em>προνοίας</em></strong></span> <span class='ocrx_word' id='word_1_149' title='bbox 580 2347 734 2403; x_wconf 82' lang='grc' dir='ltr'><strong><em>ποιεῖται.</em></strong></span> 
     </span>
    </p>

    <p class='ocr_par' dir='ltr' id='par_1_13' title="bbox 314 2444 1449 2743">
     <span class='ocr_line' id='line_1_20' title="bbox 314 2444 1449 2533; baseline 0.002 -24"><span class='ocrx_word' id='word_1_150' title='bbox 314 2444 376 2509; x_wconf 87' lang='lat' dir='ltr'><strong><em>Dio</em></strong></span> <span class='ocrx_word' id='word_1_151' title='bbox 399 2464 430 2525; x_wconf 94' lang='lat' dir='ltr'><strong><em>p.</em></strong></span> <span class='ocrx_word' id='word_1_152' title='bbox 455 2450 497 2509; x_wconf 79' lang='lat'><strong><em>49</em></strong></span> <span class='ocrx_word' id='word_1_153' title='bbox 521 2445 574 2510; x_wconf 88' lang='lat' dir='ltr'><strong><em>fin.</em></strong></span> <span class='ocrx_word' id='word_1_154' title='bbox 599 2444 768 2532; x_wconf 87' lang='grc' dir='ltr'><strong><em>κηδόμενος</em></strong></span> <span class='ocrx_word' id='word_1_155' title='bbox 791 2445 823 2510; x_wconf 78' lang='grc' dir='ltr'><strong><em>δὲ</em></strong></span> <span class='ocrx_word' id='word_1_156' title='bbox 847 2445 986 2511; x_wconf 84' lang='grc' dir='ltr'><strong><em>πόντιον.</em></strong></span> <span class='ocrx_word' id='word_1_157' title='bbox 1033 2466 1063 2529; x_wconf 92' lang='lat' dir='ltr'><strong><em>p.</em></strong></span> <span class='ocrx_word' id='word_1_158' title='bbox 1090 2453 1131 2511; x_wconf 86' lang='grc'><strong><em>98</em></strong></span> <span class='ocrx_word' id='word_1_159' title='bbox 1156 2448 1237 2512; x_wconf 84' lang='lat' dir='ltr'>med.</span> <span class='ocrx_word' id='word_1_160' title='bbox 1262 2446 1316 2510; x_wconf 86' lang='grc' dir='ltr'><strong><em>καὶ</em></strong></span> <span class='ocrx_word' id='word_1_161' title='bbox 1340 2444 1449 2533; x_wconf 81' lang='grc' dir='ltr'><strong><em>ζητεῖν</em></strong></span> 
     </span>
     <span class='ocr_line' id='line_1_21' title="bbox 404 2544 1448 2640; baseline 0.004 -27"><span class='ocrx_word' id='word_1_162' title='bbox 404 2550 433 2614; x_wconf 83' lang='grc' dir='ltr'><strong><em>εἰ</em></strong></span> <span class='ocrx_word' id='word_1_163' title='bbox 461 2549 590 2616; x_wconf 86' lang='grc' dir='ltr'><strong><em>δυνατὸν</em></strong></span> <span class='ocrx_word' id='word_1_164' title='bbox 621 2551 670 2639; x_wconf 76' lang='grc' dir='ltr'><strong><em>εἴη</em></strong></span> <span class='ocrx_word' id='word_1_165' title='bbox 697 2551 828 2617; x_wconf 86' lang='grc' dir='ltr'><strong><em>πόντιον</em></strong></span> <span class='ocrx_word' id='word_1_166' title='bbox 857 2545 909 2617; x_wconf 75' lang='grc' dir='ltr'><strong><em>ἐπ’</em></strong></span> <span class='ocrx_word' id='word_1_167' title='bbox 934 2545 1076 2640; x_wconf 74' lang='grc' dir='ltr'><strong><em>ὠφελείᾳ</em></strong></span> <span class='ocrx_word' id='word_1_168' title='bbox 1105 2561 1169 2616; x_wconf 86' lang='grc' dir='ltr'><strong><em>ταῖν</em></strong></span> <span class='ocrx_word' id='word_1_169' title='bbox 1198 2544 1358 2616; x_wconf 75' lang='grc' dir='ltr'><strong><em>ὁποίποτε</em></strong></span> <span class='ocrx_word' id='word_1_170' title='bbox 1388 2544 1448 2617; x_wconf 81' lang='grc' dir='ltr'><strong><em>όν-</em></strong></span> 
     </span>
     <span class='ocr_line' id='line_1_22' title="bbox 404 2657 1028 2743; baseline 0.008 -23"><span class='ocrx_word' id='word_1_171' title='bbox 404 2657 553 2742; x_wconf 84' lang='grc' dir='ltr'><strong><em>θριόπιυν</em></strong></span> <span class='ocrx_word' id='word_1_172' title='bbox 576 2670 712 2743; x_wconf 86' lang='grc' dir='ltr'><strong><em>κρατεῖν.</em></strong></span> <span class='ocrx_word' id='word_1_173' title='bbox 759 2660 799 2726; x_wconf 75' lang='lat' dir='ltr'><strong><em>es.</em></strong></span> <span class='ocrx_word' id='word_1_174' title='bbox 825 2679 854 2742; x_wconf 94' lang='lat' dir='ltr'><strong><em>p.</em></strong></span> <span class='ocrx_word' id='word_1_175' title='bbox 881 2667 921 2725; x_wconf 87' lang='lat'><strong><em>55</em></strong></span> <span class='ocrx_word' id='word_1_176' title='bbox 946 2662 1028 2726; x_wconf 81' lang='lat' dir='ltr'>med.</span> 
     </span>
    </p>

    <p class='ocr_par' dir='ltr' id='par_1_14' title="bbox 272 2758 1450 3066">
     <span class='ocr_line' id='line_1_23' title="bbox 272 2758 1448 2852; baseline 0.002 -24"><span class='ocrx_word' id='word_1_177' title='bbox 272 2764 382 2828; x_wconf 81' lang='lat' dir='ltr'>Them.</span> <span class='ocrx_word' id='word_1_178' title='bbox 407 2783 438 2847; x_wconf 92' lang='lat' dir='ltr'><strong><em>p.</em></strong></span> <span class='ocrx_word' id='word_1_179' title='bbox 457 2772 497 2830; x_wconf 86' lang='grc'><strong><em>67</em></strong></span> <span class='ocrx_word' id='word_1_180' title='bbox 514 2767 535 2831; x_wconf 95' lang='lat' dir='ltr'><strong>b</strong></span> <span class='ocrx_word' id='word_1_181' title='bbox 559 2765 633 2842; x_wconf 84' lang='grc' dir='ltr'><strong><em>τοδς</em></strong></span> <span class='ocrx_word' id='word_1_182' title='bbox 656 2758 883 2847; x_wconf 68' lang='grc' dir='ltr'><strong><em>ἁπανταχόθεν</em></strong></span> <span class='ocrx_word' id='word_1_183' title='bbox 899 2759 1050 2850; x_wconf 74' lang='grc' dir='ltr'><strong><em>α’ρίστους</em></strong></span> <span class='ocrx_word' id='word_1_184' title='bbox 1065 2766 1140 2843; x_wconf 84' lang='grc' dir='ltr'><strong><em>τοὺς</em></strong></span> <span class='ocrx_word' id='word_1_185' title='bbox 1161 2765 1219 2847; x_wconf 81' lang='grc' dir='ltr'><strong><em>μὲν</em></strong></span> <span class='ocrx_word' id='word_1_186' title='bbox 1236 2762 1448 2852; x_wconf 77' lang='grc' dir='ltr'><strong><em>ἓπανήγαγες,</em></strong></span> 
     </span>
     <span class='ocr_line' id='line_1_24' title="bbox 405 2864 1450 2960; baseline 0.003 -27"><span class='ocrx_word' id='word_1_187' title='bbox 405 2870 479 2947; x_wconf 79' lang='grc' dir='ltr'><strong><em>τοὺς</em></strong></span> <span class='ocrx_word' id='word_1_188' title='bbox 502 2871 535 2934; x_wconf 80' lang='grc' dir='ltr'><strong><em>δὲ</em></strong></span> <span class='ocrx_word' id='word_1_189' title='bbox 559 2873 740 2956; x_wconf 86' lang='grc' dir='ltr'><strong><em>προσείλου,</em></strong></span> <span class='ocrx_word' id='word_1_190' title='bbox 765 2871 839 2948; x_wconf 78' lang='grc' dir='ltr'><strong><em>τοὺς</em></strong></span> <span class='ocrx_word' id='word_1_191' title='bbox 862 2871 893 2935; x_wconf 79' lang='grc' dir='ltr'><strong><em>δὲ</em></strong></span> <span class='ocrx_word' id='word_1_192' title='bbox 918 2864 1111 2960; x_wconf 68' lang='grc' dir='ltr'><strong><em>οἷπηίίαξας.</em></strong></span> <span class='ocrx_word' id='word_1_193' title='bbox 1158 2865 1450 2957; x_wconf 72' lang='lat' dir='ltr'><strong><em>p.118051&#39;v69ag</em></strong></span> 
     </span>
     <span class='ocr_line' id='line_1_25' title="bbox 404 2968 1095 3066; baseline 0.003 -27"><span class='ocrx_word' id='word_1_194' title='bbox 404 2968 552 3060; x_wconf 73' lang='grc' dir='ltr'><strong><em>α’γαθοίς</em></strong></span> <span class='ocrx_word' id='word_1_195' title='bbox 574 2979 628 3041; x_wconf 85' lang='grc' dir='ltr'><strong><em>καὶ</em></strong></span> <span class='ocrx_word' id='word_1_196' title='bbox 652 2978 733 3062; x_wconf 85' lang='grc' dir='ltr'><strong><em>πρὸς</em></strong></span> <span class='ocrx_word' id='word_1_197' title='bbox 756 2972 863 3064; x_wconf 76' lang='grc' dir='ltr'><strong><em>ἄρχειν</em></strong></span> <span class='ocrx_word' id='word_1_198' title='bbox 888 2978 1095 3066; x_wconf 77' lang='grc' dir='ltr'><strong><em>ἐπιτηδείους.</em></strong></span> 
     </span>
    </p>

    <p class='ocr_par' dir='ltr' id='par_1_15' title="bbox 315 3083 1448 3169">
     <span class='ocr_line' id='line_1_26' title="bbox 315 3083 1448 3169; baseline 0.005 -23"><span class='ocrx_word' id='word_1_199' title='bbox 315 3083 378 3147; x_wconf 87' lang='lat' dir='ltr'><strong><em>Dio</em></strong></span> <span class='ocrx_word' id='word_1_200' title='bbox 401 3102 431 3164; x_wconf 89' lang='lat' dir='ltr'><strong><em>p.</em></strong></span> <span class='ocrx_word' id='word_1_201' title='bbox 459 3091 499 3149; x_wconf 86' lang='lat'><strong><em>58</em></strong></span> <span class='ocrx_word' id='word_1_202' title='bbox 525 3087 605 3150; x_wconf 87' lang='lat' dir='ltr'>med.</span> <span class='ocrx_word' id='word_1_203' title='bbox 654 3086 689 3151; x_wconf 84' lang='lat' dir='ltr'><strong><em>Si</em></strong></span> <span class='ocrx_word' id='word_1_204' title='bbox 720 3087 790 3167; x_wconf 87' lang='lat' dir='ltr'>quis</span> <span class='ocrx_word' id='word_1_205' title='bbox 825 3087 913 3169; x_wconf 69' lang='lat' dir='ltr'><strong>regis</strong></span> <span class='ocrx_word' id='word_1_206' title='bbox 949 3086 1117 3152; x_wconf 83' lang='lat' dir='ltr'>dissimilis</span> <span class='ocrx_word' id='word_1_207' title='bbox 1152 3092 1205 3150; x_wconf 80' lang='lat' dir='ltr'><strong><em>est</em></strong></span> <span class='ocrx_word' id='word_1_208' title='bbox 1237 3084 1340 3166; x_wconf 84' lang='lat' dir='ltr'>neque</span> <span class='ocrx_word' id='word_1_209' title='bbox 1374 3105 1448 3152; x_wconf 85' lang='lat' dir='ltr'><strong><em>eum</em></strong></span> 
     </span>
    </p>
   </div>
   <div class='ocr_carea' id='block_1_3' title="bbox 405 3184 1451 3706">
    <p class='ocr_par' dir='ltr' id='par_1_16' title="bbox 405 3184 1451 3706">
     <span class='ocr_line' id='line_1_27' title="bbox 405 3184 1449 3280; baseline 0.002 -27"><span class='ocrx_word' id='word_1_210' title='bbox 405 3188 562 3275; x_wconf 80' lang='lat' dir='ltr'>imitatur,</span> <span class='ocrx_word' id='word_1_211' title='bbox 587 3184 684 3279; x_wconf 68' lang='grc' dir='ltr'><strong><em>αὐτῆς</em></strong></span> <span class='ocrx_word' id='word_1_212' title='bbox 708 3242 714 3254; x_wconf 94' lang='grc'><strong><em>.</em></strong></span> <span class='ocrx_word' id='word_1_213' title='bbox 741 3242 748 3254; x_wconf 94' lang='grc'><strong><em>.</em></strong></span> <span class='ocrx_word' id='word_1_214' title='bbox 774 3201 829 3280; x_wconf 78' lang='grc' dir='ltr'><strong><em>της</em></strong></span> <span class='ocrx_word' id='word_1_215' title='bbox 852 3184 948 3279; x_wconf 78' lang='grc' dir='ltr'><strong><em>όρχης</em></strong></span> <span class='ocrx_word' id='word_1_216' title='bbox 970 3191 1048 3273; x_wconf 80' lang='grc' dir='ltr'><strong><em>ταχὺ</em></strong></span> <span class='ocrx_word' id='word_1_217' title='bbox 1079 3191 1223 3267; x_wconf 79' lang='grc' dir='ltr'><strong><em>παυθεὶς</em></strong></span> <span class='ocrx_word' id='word_1_218' title='bbox 1251 3191 1449 3280; x_wconf 80' lang='grc' dir='ltr'><strong><em>παραχωρή-</em></strong></span> 
     </span>
     <span class='ocr_line' id='line_1_28' title="bbox 407 3291 1448 3381; baseline 0.005 -24"><span class='ocrx_word' id='word_1_219' title='bbox 407 3316 491 3361; x_wconf 84' lang='grc' dir='ltr'><strong><em>σειεν</em></strong></span> <span class='ocrx_word' id='word_1_220' title='bbox 515 3296 634 3381; x_wconf 76' lang='grc' dir='ltr'><strong><em>ἑτέροις</em></strong></span> <span class='ocrx_word' id='word_1_221' title='bbox 657 3291 804 3380; x_wconf 81' lang='grc' dir='ltr'><strong><em>όμείνοσί</em></strong></span> <span class='ocrx_word' id='word_1_222' title='bbox 828 3300 929 3363; x_wconf 75' lang='grc' dir='ltr'><strong><em>τεκαὶ</em></strong></span> <span class='ocrx_word' id='word_1_223' title='bbox 956 3293 1087 3381; x_wconf 74' lang='grc' dir='ltr'><strong><em>ι’ἕμεινον</em></strong></span> <span class='ocrx_word' id='word_1_224' title='bbox 1103 3298 1286 3379; x_wconf 79' lang='grc' dir='ltr'><strong><em>δυναμένοις</em></strong></span> <span class='ocrx_word' id='word_1_225' title='bbox 1301 3296 1448 3364; x_wconf 88' lang='grc' dir='ltr'><strong><em>διοικεῖν.</em></strong></span> 
     </span>
     <span class='ocr_line' id='line_1_29' title="bbox 405 3395 1450 3492; baseline 0.001 -24"><span class='ocrx_word' id='word_1_226' title='bbox 405 3404 467 3468; x_wconf 84' lang='lat' dir='ltr'><strong><em>Dio</em></strong></span> <span class='ocrx_word' id='word_1_227' title='bbox 491 3422 520 3485; x_wconf 94' lang='lat' dir='ltr'><strong><em>p.</em></strong></span> <span class='ocrx_word' id='word_1_228' title='bbox 551 3411 611 3469; x_wconf 89' lang='grc'><strong><em>130</em></strong></span> <span class='ocrx_word' id='word_1_229' title='bbox 635 3406 688 3470; x_wconf 85' lang='lat' dir='ltr'><strong><em>fin.</em></strong></span> <span class='ocrx_word' id='word_1_230' title='bbox 715 3398 759 3481; x_wconf 72' lang='grc' dir='ltr'><strong><em>ὥς</em></strong></span> <span class='ocrx_word' id='word_1_231' title='bbox 782 3417 850 3482; x_wconf 91' lang='grc' dir='ltr'><strong><em>τοῖς</em></strong></span> <span class='ocrx_word' id='word_1_232' title='bbox 872 3406 931 3486; x_wconf 79' lang='grc' dir='ltr'><strong><em>μὲν</em></strong></span> <span class='ocrx_word' id='word_1_233' title='bbox 953 3414 1100 3485; x_wconf 84' lang='grc' dir='ltr'><strong><em>τυχουσιν</em></strong></span> <span class='ocrx_word' id='word_1_234' title='bbox 1124 3395 1180 3467; x_wconf 77' lang='grc' dir='ltr'><strong><em>οόκ</em></strong></span> <span class='ocrx_word' id='word_1_235' title='bbox 1207 3395 1353 3489; x_wconf 79' lang='grc' dir='ltr'><strong><em>όσιμαλὲς</em></strong></span> <span class='ocrx_word' id='word_1_236' title='bbox 1378 3404 1450 3492; x_wconf 66' lang='grc' dir='ltr'><strong><em>εἰκῇ</em></strong></span> 
     </span>
     <span class='ocr_line' id='line_1_30' title="bbox 405 3503 1451 3595; baseline 0.005 -24"><span class='ocrx_word' id='word_1_237' title='bbox 405 3510 607 3590; x_wconf 81' lang='grc' dir='ltr'><strong><em>μεταδιδόναι</em></strong></span> <span class='ocrx_word' id='word_1_238' title='bbox 631 3511 801 3594; x_wconf 74' lang='grc' dir='ltr'><strong><em>δυνάμεως.</em></strong></span> <span class='ocrx_word' id='word_1_239' title='bbox 849 3514 911 3577; x_wconf 80' lang='lat' dir='ltr'><strong><em>Dlo</em></strong></span> <span class='ocrx_word' id='word_1_240' title='bbox 932 3532 962 3595; x_wconf 93' lang='lat' dir='ltr'><strong><em>p.</em></strong></span> <span class='ocrx_word' id='word_1_241' title='bbox 984 3518 1041 3577; x_wconf 85' lang='lat'><strong><em>141</em></strong></span> <span class='ocrx_word' id='word_1_242' title='bbox 1069 3513 1111 3576; x_wconf 85' lang='lat' dir='ltr'><strong><em>in.</em></strong></span> <span class='ocrx_word' id='word_1_243' title='bbox 1139 3503 1156 3573; x_wconf 83' lang='grc' dir='ltr'><strong><em>δ</em></strong></span> <span class='ocrx_word' id='word_1_244' title='bbox 1179 3510 1209 3574; x_wconf 79' lang='grc' dir='ltr'><strong><em>δὲ</em></strong></span> <span class='ocrx_word' id='word_1_245' title='bbox 1236 3508 1270 3586; x_wconf 79' lang='grc' dir='ltr'><strong><em>ἐξ</em></strong></span> <span class='ocrx_word' id='word_1_246' title='bbox 1290 3503 1451 3576; x_wconf 76' lang='grc' dir='ltr'><strong><em>ἁπάντων</em></strong></span> 
     </span>
     <span class='ocr_line' id='line_1_31' title="bbox 406 3616 789 3706; baseline 0.008 -27"><span class='ocrx_word' id='word_1_247' title='bbox 406 3628 547 3681; x_wconf 86' lang='grc' dir='ltr'><strong><em>ποιεῖται</em></strong></span> <span class='ocrx_word' id='word_1_248' title='bbox 572 3617 627 3704; x_wconf 68' lang='grc' dir='ltr'><strong><em>τὴν</em></strong></span> <span class='ocrx_word' id='word_1_249' title='bbox 651 3616 789 3706; x_wconf 69' lang='grc' dir='ltr'><strong><em>ἐκλογήν.</em></strong></span> 
     </span>
    </p>
   </div>
   <div class='ocr_carea' id='block_1_4' title="bbox 274 3737 1451 4380">
    <p class='ocr_par' dir='ltr' id='par_1_17' title="bbox 274 3737 1451 4380">
     <span class='ocr_line' id='line_1_32' title="bbox 274 3737 1451 3830; baseline 0.002 -26"><span class='ocrx_word' id='word_1_250' title='bbox 274 3742 384 3806; x_wconf 74' lang='lat' dir='ltr'>Tllem.</span> <span class='ocrx_word' id='word_1_251' title='bbox 411 3761 439 3823; x_wconf 89' lang='lat' dir='ltr'><strong><em>p.</em></strong></span> <span class='ocrx_word' id='word_1_252' title='bbox 459 3745 538 3808; x_wconf 70' lang='lat'>531)</span> <span class='ocrx_word' id='word_1_253' title='bbox 563 3763 620 3808; x_wconf 82' lang='lat' dir='ltr'><strong><em>rex</em></strong></span> <span class='ocrx_word' id='word_1_254' title='bbox 645 3764 709 3826; x_wconf 85' lang='lat' dir='ltr'>eos,</span> <span class='ocrx_word' id='word_1_255' title='bbox 734 3745 788 3825; x_wconf 86' lang='lat' dir='ltr'><strong><em>qui</em></strong></span> <span class='ocrx_word' id='word_1_256' title='bbox 810 3764 908 3827; x_wconf 82' lang='lat' dir='ltr'>prope</span> <span class='ocrx_word' id='word_1_257' title='bbox 926 3751 1010 3826; x_wconf 78' lang='lat' dir='ltr'>sunt,</span> <span class='ocrx_word' id='word_1_258' title='bbox 1036 3737 1228 3829; x_wconf 70' lang='grc' dir='ltr'><strong><em>ίμοηιόηους</em></strong></span> <span class='ocrx_word' id='word_1_259' title='bbox 1244 3739 1323 3806; x_wconf 73' lang='grc' dir='ltr'><strong><em>εἶναι</em></strong></span> <span class='ocrx_word' id='word_1_260' title='bbox 1343 3740 1451 3830; x_wconf 62' lang='lat' dir='ltr'><strong><em>§amp</em></strong></span> 
     </span>
     <span class='ocr_line' id='line_1_33' title="bbox 405 3839 499 3923; baseline 0.032 -14"><span class='ocrx_word' id='word_1_261' title='bbox 405 3839 499 3923; x_wconf 73' lang='grc' dir='ltr'><strong><em>ιῖξισῑ.</em></strong></span> 
     </span>
     <span class='ocr_line' id='line_1_34' title="bbox 317 3948 1451 4043; baseline 0.001 -24"><span class='ocrx_word' id='word_1_262' title='bbox 317 3955 379 4019; x_wconf 79' lang='lat' dir='ltr'><strong><em>Dio</em></strong></span> <span class='ocrx_word' id='word_1_263' title='bbox 402 3974 432 4036; x_wconf 92' lang='lat' dir='ltr'><strong><em>p.</em></strong></span> <span class='ocrx_word' id='word_1_264' title='bbox 462 3963 523 4021; x_wconf 86' lang='lat'><strong><em>130</em></strong></span> <span class='ocrx_word' id='word_1_265' title='bbox 552 3957 605 4019; x_wconf 78' lang='grc' dir='ltr'><strong><em>καὶ</em></strong></span> <span class='ocrx_word' id='word_1_266' title='bbox 634 3956 695 4042; x_wconf 71' lang='grc' dir='ltr'><strong><em>γὰρ</em></strong></span> <span class='ocrx_word' id='word_1_267' title='bbox 724 3956 948 4043; x_wconf 76' lang='grc' dir='ltr'><strong><em>ι’σχυροτοῖτόυς</em></strong></span> <span class='ocrx_word' id='word_1_268' title='bbox 974 3956 1032 4037; x_wconf 73' lang='grc' dir='ltr'><strong><em>μὲν</em></strong></span> <span class='ocrx_word' id='word_1_269' title='bbox 1064 3954 1147 4042; x_wconf 74' lang='grc' dir='ltr'><strong><em>εἰκός</em></strong></span> <span class='ocrx_word' id='word_1_270' title='bbox 1178 3948 1333 4018; x_wconf 76' lang='grc' dir='ltr'><strong><em>διιόντιυν</em></strong></span> <span class='ocrx_word' id='word_1_271' title='bbox 1365 3951 1451 4020; x_wconf 74' lang='grc' dir='ltr'><strong><em>εἶναι</em></strong></span> 
     </span>
     <span class='ocr_line' id='line_1_35' title="bbox 406 4055 1427 4149; baseline 0.002 -24"><span class='ocrx_word' id='word_1_272' title='bbox 406 4060 480 4139; x_wconf 79' lang='grc' dir='ltr'><strong><em>τοὺς</em></strong></span> <span class='ocrx_word' id='word_1_273' title='bbox 504 4061 595 4148; x_wconf 72' lang='grc' dir='ltr'><strong><em>ἔγγὺς</em></strong></span> <span class='ocrx_word' id='word_1_274' title='bbox 618 4073 682 4127; x_wconf 79' lang='grc' dir='ltr'><strong><em>ταῖν</em></strong></span> <span class='ocrx_word' id='word_1_275' title='bbox 704 4065 860 4148; x_wconf 72' lang='grc' dir='ltr'><strong><em>βασιλέων</em></strong></span> <span class='ocrx_word' id='word_1_276' title='bbox 883 4064 934 4127; x_wconf 76' lang='grc' dir='ltr'><strong><em>καί</em></strong></span> <span class='ocrx_word' id='word_1_277' title='bbox 960 4062 1015 4149; x_wconf 71' lang='grc' dir='ltr'><strong><em>τὴν</em></strong></span> <span class='ocrx_word' id='word_1_278' title='bbox 1038 4055 1134 4149; x_wconf 76' lang='grc' dir='ltr'><strong><em>όρχην</em></strong></span> <span class='ocrx_word' id='word_1_279' title='bbox 1158 4060 1427 4140; x_wconf 77' lang='grc' dir='ltr'><strong><em>συνδιοικοῦντας.</em></strong></span> 
     </span>
     <span class='ocr_line' id='line_1_36' title="bbox 274 4179 1450 4275; baseline 0.002 -26"><span class='ocrx_word' id='word_1_280' title='bbox 274 4187 384 4252; x_wconf 75' lang='lat' dir='ltr'>Them.</span> <span class='ocrx_word' id='word_1_281' title='bbox 402 4207 431 4269; x_wconf 95' lang='lat' dir='ltr'><strong><em>p.</em></strong></span> <span class='ocrx_word' id='word_1_282' title='bbox 451 4195 469 4252; x_wconf 88' lang='lat'>9</span> <span class='ocrx_word' id='word_1_283' title='bbox 487 4209 507 4254; x_wconf 84' lang='lat' dir='ltr'>a</span> <span class='ocrx_word' id='word_1_284' title='bbox 531 4181 608 4252; x_wconf 74' lang='grc' dir='ltr'><strong><em>ὥστ’</em></strong></span> <span class='ocrx_word' id='word_1_285' title='bbox 633 4188 764 4264; x_wconf 83' lang='grc' dir='ltr'><strong><em>εἰκότως</em></strong></span> <span class='ocrx_word' id='word_1_286' title='bbox 780 4187 940 4275; x_wconf 73' lang='grc' dir='ltr'><strong><em>θεοφιλὴς</em></strong></span> <span class='ocrx_word' id='word_1_287' title='bbox 954 4186 1103 4271; x_wconf 77' lang='grc' dir='ltr'><strong><em>βασιλεὺς</em></strong></span> <span class='ocrx_word' id='word_1_288' title='bbox 1118 4179 1135 4249; x_wconf 87' lang='grc' dir='ltr'><strong><em>ό</em></strong></span> <span class='ocrx_word' id='word_1_289' title='bbox 1153 4183 1410 4271; x_wconf 71' lang='grc' dir='ltr'><strong><em>φιλάνθρωπος.</em></strong></span> <span class='ocrx_word' id='word_1_290' title='bbox 1424 4237 1450 4251; x_wconf 94' lang='grc'><strong><em>..</em></strong></span> 
     </span>
     <span class='ocr_line' id='line_1_37' title="bbox 405 4286 1451 4380; baseline 0.001 -25"><span class='ocrx_word' id='word_1_291' title='bbox 405 4292 502 4374; x_wconf 86' lang='grc' dir='ltr'><strong><em>μόνος</em></strong></span> <span class='ocrx_word' id='word_1_292' title='bbox 531 4293 592 4379; x_wconf 76' lang='grc' dir='ltr'><strong><em>γὰρ</em></strong></span> <span class='ocrx_word' id='word_1_293' title='bbox 616 4289 698 4359; x_wconf 78' lang='grc' dir='ltr'><strong><em>οἶδεν</em></strong></span> <span class='ocrx_word' id='word_1_294' title='bbox 721 4286 868 4380; x_wconf 73' lang='grc' dir='ltr'><strong><em>α’κριβιῖς,</em></strong></span> <span class='ocrx_word' id='word_1_295' title='bbox 901 4288 950 4359; x_wconf 81' lang='grc' dir='ltr'><strong><em>ότι</em></strong></span> <span class='ocrx_word' id='word_1_296' title='bbox 970 4293 1030 4380; x_wconf 79' lang='grc' dir='ltr'><strong><em>χρὴ</em></strong></span> <span class='ocrx_word' id='word_1_297' title='bbox 1052 4293 1106 4358; x_wconf 85' lang='grc' dir='ltr'><strong><em>τὸν</em></strong></span> <span class='ocrx_word' id='word_1_298' title='bbox 1131 4290 1208 4356; x_wconf 82' lang='grc' dir='ltr'><strong><em>θεὸν</em></strong></span> <span class='ocrx_word' id='word_1_299' title='bbox 1237 4291 1451 4378; x_wconf 72' lang='grc' dir='ltr'><strong><em>θεραπεύειν.</em></strong></span> 
     </span>
    </p>
   </div>
   <div class='ocr_carea' id='block_1_5' title="bbox 0 0 1496 4980">
    <p class='ocr_par' dir='ltr' id='par_1_18' title="bbox 0 0 1496 4980">
     <span class='ocr_line' id='line_1_38' title="bbox 0 0 1496 4980; baseline 0 0"><span class='ocrx_word' id='word_1_300' title='bbox 0 0 1496 4980; x_wconf 95' lang='lat' dir='ltr'><strong><em> </em></strong></span> 
     </span>
    </p>
   </div>
  </div>
 </body>
</html>
