2964 4980
537 356 760 424 ‚51..

103 549 168 618 Dio
193 574 222 635 p.
249 560 288 620 51
314 553 357 619 in.
382 552 456 630 τούς
478 553 537 636 μὲν
559 553 760 640 στρατιώτας
775 553 1017 642 συστρατιώτας
1033 561 1232 643 προσειπεῖν,
1259 533 1266 554 ’

194 659 268 737 τούς
291 660 445 748 συνήθεις
469 662 591 748 φίλους,
615 661 659 749 μὴ
682 663 905 747 καταγελῶντα
920 673 976 728 τοῦ
1001 656 1156 745 ὀνόματος
1179 675 1235 753 της

197 768 356 855 φιλίας*).

105 873 146 938 of.
173 874 250 956 Syn.
276 895 346 958 ευρ.
375 882 413 940 13
438 875 493 959 im,
526 876 581 941 ubi
610 878 649 941 de
679 876 839 943 militibus
870 878 979 960 agitur
1010 873 1168 963 δευτέροις
1198 878 1234 967 δὴ

195 980 322 1058 τούτοις
346 983 463 1067 φίλοις.

52 1108 131 1168 cap.
152 1089 231 1154 llC
256 1079 300 1152 ὠν
322 1081 474 1153 τάναντία
497 1101 565 1165 τοῖς
588 1089 753 1176 τυράννοις
775 1084 921 1178 ύπάρχει,
947 1084 988 1156 δι)
1006 1092 1059 1169 οὓς
1082 1087 1101 1179 ἡ
1123 1092 1235 1182 κομψὴ

129 1207 132 1212 “
196 1200 369 1280 παροιμία·
398 1194 508 1280 πόρρω
534 1199 612 1271 Δίος
635 1219 669 1259 τε
693 1197 747 1260 καὶ
770 1207 930 1282 κεραυνοῦ.

105 1301 168 1365 Dio
200 1322 230 1381 p.
258 1307 318 1367 137
348 1303 401 1367 fin.
438 1296 489 1368 δτι
515 1299 632 1366 πάντα
666 1295 819 1367 τάναυτία
854 1316 922 1381 τοῖς
956 1305 1120 1392 τυράννοις
1154 1306 1234 1370 κακὰ

195 1407 377 1493 πρόσεστιν,
403 1399 446 1473 ὧν
470 1406 675 1496 ἐμνήσθημεν
698 1400 845 1494 άηαθῶν.
870 1411 1000 1476 πάντων
1023 1411 1083 1498 γὰρ
1102 1406 1235 1499 άποριύ-

197 1514 292 1592 τατύς
327 1513 394 1580 ἐστι
431 1515 541 1602 φιλίας
575 1514 735 1600 τύραννος.
794 1538 824 1598 p.
851 1525 890 1583 51
922 1518 975 1583 fin.
1013 1509 1048 1582 οἱ·
1083 1512 1235 1585 τάναντία

196 1613 333 1708 ύπάρχει
356 1630 402 1706 τη]
425 1630 521 1706 κακφ.

56 1727 142 1809 Syn.
174 1749 243 1808 cap.
275 1736 293 1793 6
322 1729 365 1793 in.
403 1727 486 1804 ἴσοις
520 1723 607 1814 δροις
643 1730 726 1816 φημὶ
760 1730 892 1813 βασιλέα
928 1754 963 1794 τε
997 1732 1051 1794 καὶ
1085 1730 1236 1817 τύραννον

196 1834 373 1899 διεστάναι·
414 1839 520 1898 καίτοι
553 1834 593 1898 τά
629 1835 717 1922 παρὰ
753 1845 810 1924 της
843 1834 937 1923 τύχης
971 1829 1094 1925 άμφοῐν
1129 1833 1234 1920 δμοια.

197 1962 265 2023 cap.
292 1944 352 2007 60
375 1943 522 2028 βασιλείᾳ
546 1942 579 2006 δέ
602 1943 746 2028 τυραννὶς
769 1954 920 2028 παροικεῖ
950 1945 1004 2006 καὶ
1033 1943 1119 2025 μα’λα
1143 1936 1236 2030 άγχί-

195 2052 306 2132 θυρος.

106 2155 168 2219 Dio
192 2175 222 2235 p.
249 2162 289 2220 69
319 2155 596 2240 καταλαμβάνουσι
624 2155 679 2240 τίν
707 2157 877 2242 Τυραννίδα
906 2162 1098 2244 καθημένην,
1125 2208 1131 2221 .
1158 2208 1165 2221 .
1193 2209 1199 2221 .
1227 2209 1233 2222 .

196 2268 473 2350 προσποιουμένην
496 2264 549 2326 καὶ
573 2255 796 2350 άφομοιοῠσαν
819 2256 915 2351 αύτην
938 2273 976 2350 τῇ
1000 2265 1162 2352 Βασιλείη.

59 2370 142 2451 Syn.
168 2390 236 2451 cap.
264 2371 326 2434 6Β
351 2365 440 2447 ὅστις
464 2362 500 2434 ού
524 2375 647 2434 πιαίνει
671 2368 726 2457 την
750 2362 864 2457 άγέλην
888 2362 957 2433 ἄλλ’
974 2363 1070 2448 αύτδς
1093 2365 1158 2437 ὑπὸ
1182 2381 1238 2461 της

196 2469 310 2563 άγέλης
345 2475 452 2541 ἐθέλει
486 2481 690 2555 πιαίνεσθαι,
726 2486 838 2542 τουτον
873 2478 959 2540 καλιῦ
992 2477 1146 2564 μάγειρον
1181 2477 1237 2544 ἐπὶ

196 2582 414 2670 βοσκημάτων,
439 2593 551 2648 τοῦτον
566 2575 742 2670 άποφαίνω
759 2582 813 2648 τὸν
829 2582 988 2670 τύραννον,
1014 2580 1090 2650 δταν
1105 2574 1238 2672 ᾗδῆμος

198 2690 324 2775 ’ἐλλογος
347 2690 384 2754 τὸ
406 2683 589 2776 άρχύμενον.
622 2709 690 2773 cap.
718 2692 783 2756 51)
809 2687 881 2754 ἐπεὶ
903 2691 981 2777 μηδὲ
1004 2692 1133 2780 πλῆθος
1155 2716 1237 2777 προ-

197 2796 304 2880 βάτιον
333 2809 422 2862 ποιεῖ
451 2802 589 2879 ποιμένα
622 2789 657 2861 ού
680 2797 800 2878 μᾶλλον
823 2792 841 2884 ἢ
863 2796 1026 2883 μάγειρον,
1058 2796 1092 2875 bg
1116 2796 1238 2863 ἐλαύνει

197 2903 390 2989 κατακόψαι
414 2896 494 2968 αύτὰ
518 2906 570 2968 καὶ
596 2902 912 2991 ἐμφορηθήσομενος.

109 3012 171 3076 Dio
195 3032 225 3092 p.
253 3018 314 3076 156
339 3012 381 3075 in.
425 3005 508 3075 ὥστε
536 3009 750 3076 κατακόπτειν
786 3002 821 3074 ού
844 3009 890 3092 μδ
916 3015 980 3074 Δία
1004 3011 1058 3074 καὶ
1081 3009 1238 3097 σφάττειν

200 3118 254 3181 καὶ
278 3118 388 3202 δέρειν.
413 3121 519 3181 καίτοι
536 3115 637 3181 ἐνίοτε
660 3116 763 3181 πολλὰ
780 3115 926 3202 πρόβατα
942 3115 1064 3180 ἐλαύνει
1087 3114 1240 3202 μάγειρος

199 3223 245 3300 εἷς
280 3216 490 3310 ὠνησάμενος.
526 3216 605 3286 otto
637 3224 790 3288 πλεῖστον
825 3223 971 3310 διαφέρει
993 3221 1162 3309 μαγειρικὴ
1184 3215 1238 3287 καὶ

199 3328 384 3416 ποιμενική·
409 3327 518 3411 σχεδὸν
542 3323 617 3394 ὅσον
639 3328 786 3416 βασιλική
809 3353 844 3393 τε
867 3330 921 3393 καὶ
945 3334 1097 3414 τυραννίς.

110 3439 238 3503 Similes
261 3439 324 3503 looi
348 3443 423 3503 sunt
439 3436 587 3502 Platonis
612 3436 684 3500 πολ.
709 3457 739 3518 p.
758 3442 820 3501 345
839 3437 873 3502 Ο.
899 3437 1009 3501 421Β
1033 3432 1239 3520 (ἑστιάτορας

199 3536 399 3630 εὐδαίμονας)
424 3548 458 3608 et
482 3543 592 3607 Them.
618 3563 648 3624 p.
675 3549 772 3607 illo
796 3540 904 3627 (huius
928 3542 1010 3622 disp.
1035 3562 1065 3622 p.
1093 3547 1133 3606 32
1158 3539 1238 3625 lim),

201 3653 257 3717 sed
287 3651 450 3718 evolventi
479 3670 534 3715 eos
561 3651 688 3715 ‘olorum
717 3652 781 3714 erit
804 3648 975 3730 Synesium
999 3647 1114 3711 Dionis
1138 3649 1240 3713 verba

201 3759 333 3823 imitari.

138 3993 164 4059 *)
184 3990 227 4043 Sio
246 3989 391 4058 legendum
410 3995 476 4056 puto
495 3989 567 4042 huno
586 3989 681 4042 locum.
723 3988 792 4041 Vult
811 3986 952 4040 enimDio
971 3985 1155 4053 pronuntiare,
1175 3983 1239 4050 quid

67 4080 199 4133 commodi
227 4096 274 4132 rex
293 4079 387 4131 trahat
406 4095 420 4130 e
440 4078 577 4132 laboribus
596 4077 736 4144 susceptis.
773 4077 832 4129 Hoc
850 4082 942 4129 eutem
966 4074 1131 4130 commodum
1151 4077 1240 4126 estet

66 4170 168 4222 milites
187 4184 282 4221 revera
301 4167 497 4221 commilitones
517 4168 655 4235 appellere
675 4172 702 4218 et
725 4171 831 4232 patrem
852 4165 951 4218 civium
970 4165 1029 4217 iure
1047 4163 1146 4216 vocari.
1179 4159 1241 4220 τοὺς

68 4260 96 4312 δὲ
125 4255 264 4328 συνήθεις,
289 4257 396 4311 etiamsi
424 4273 477 4309 non
504 4256 619 4321 loborat,
646 4259 741 4322 φίλους
768 4260 858 4321 potest
884 4254 982 4307 dioere.
1019 4253 1118 4318 Itaque
1146 4265 1240 4305 censeo

70 4345 130 4408 τοὺς
150 4342 282 4418 συνήθεις
301 4350 395 4414 φίλους
413 4345 515 4398 milites
534 4360 600 4398 esse.

1080 4429 1114 4482 4*
