2964 4980
704 278 929 342 ,30-

275 473 357 540 Xon.
376 463 475 559 ν’ίγὴσ.
502 479 530 558 9,
558 479 573 537 1
600 481 727 558 πρῶτον
749 470 807 552 μὲν
830 469 891 556 γὰρ
915 463 932 534 ό
954 469 1013 552 μὲν
1029 477 1076 555 τῴ
1098 471 1244 544 σπανίιος
1261 459 1407 553 δρᾶσθαι

363 579 557 662 ἐσεμνύνετο,
572 571 754 667 ι’ίγὴσίλαος
777 579 809 642 δὲ
833 587 879 665 τῷ
902 569 955 642 δελ
979 574 1122 664 ἐμφανὴς
1148 574 1230 641 εἶναι
1252 567 1409 661 ἠγάλλετο

366 738 372 752 .
399 739 406 752 .
433 738 451 767 .,
477 685 591 752 ἐ’πειτα
615 687 648 751 δὲ
672 680 689 750 ό
711 686 769 768 μὲν
792 695 837 772 τῳ
862 683 1074 771 δυσπρόσοδος
1097 679 1180 749 εἶναι
1209 680 1406 765 ἐσεμνύνετο,

364 788 380 859 ό
405 795 438 860 δὲ
461 802 508 882 τῷ
530 803 633 859 πᾶσιν
656 786 846 880 εὐπρόσοδος
870 790 951 858 εἶναι
979 790 1092 879 ἔχαιρε.

275 905 361 970 Plut.
386 923 416 985 p.
445 909 506 968 122
538 894 643 988 ἅρχων
677 901 710 966 δὲ
745 899 839 966 εἰκὼν
872 905 954 967 θεοῦ
988 907 1023 967 et
1055 900 1143 966 infra
1177 897 1250 975 τοὺς
1284 897 1317 962 δὲ
1350 895 1409 984 τὴν

363 1003 477 1097 α’ρετὴν
511 1008 679 1096 ζηλοῦντας
713 1000 808 1076 αὐτοῦ
843 1010 897 1073 καὶ
927 1005 1008 1095 πρὸς
1034 1005 1072 1072 τό
1094 1004 1188 1071 καλδν
1211 1006 1265 1069 καὶ
1289 1003 1408 1092 φιλόν-

363 1122 500 1203 θρωπον
523 1109 760 1206 δφομοιοόντας
787 1115 924 1193 ἑαυτοίς.
964 1117 1004 1184 cf.
1029 1115 1144 1183 Dionis
1167 1135 1198 1199 p.
1225 1122 1266 1181 56
1290 1114 1333 1179 in.

275 1224 422 1292 Platonis
447 1225 517 1290 πολ.
544 1232 606 1291 347
631 1227 661 1292 Ι)
685 1233 730 1311 τῴ
756 1217 822 1289 όντι
846 1215 1001 1311 όλὴθινδς
1024 1217 1138 1310 ἄρχων.

276 1333 390 1400 Dionis
415 1331 459 1420 (p.
487 1340 527 1399 56
551 1334 594 1399 in.
620 1332 667 1419 et)
691 1353 721 1417 p.
750 1339 811 1398 113
835 1333 879 1398 in.
904 1329 1052 1416 βασιλεὺς
1075 1322 1217 1417 δληθιῦς.

321 1441 473 1524 singulos
496 1447 609 1507 noster
633 1446 763 1523 spectat
784 1440 864 1506 locis
888 1439 957 1506 his:

232 1546 251 1633 ξ
276 1554 316 1613 65
341 1540 529 1633 ἡδυπάθεια
551 1549 607 1612 καὶ
630 1546 742 1635 τρυφή.

276 1655 361 1720 Plut.
386 1674 416 1738 p.
445 1660 506 1720 140
530 1656 573 1720 in.
599 1652 658 1731 τὰς
680 1646 882 1742 ἡδυπαθείας
905 1653 960 1717 καὶ
982 1651 1041 1729 τὰς
1062 1650 1196 1739 τρυφάς.

232 1759 251 1845 ξ
288 1767 328 1825 63
363 1761 417 1826 fin.
465 1766 514 1839 τίς
547 1760 605 1843 μὲν
639 1760 699 1847 γὰρ
733 1755 816 1828 οὕτω
851 1759 890 1823 τὰ
926 1757 1062 1844 γαστρὸς
1097 1755 1255 1843 ἐγκρατίς,
1291 1759 1341 1832 τίς
1375 1754 1410 1819 δὲ

366 1858 573 1954 όφροδισίων,
599 1873 648 1945 τίς
671 1868 704 1932 δὲ
727 1877 792 1932 τῶν
815 1860 918 1931 ἄλλων
941 1860 1076 1953 ἡδονιῦν;

277 1976 360 2041 Xen.
376 1966 478 2063 ίίγὴσ.
505 1984 533 2060 5,
558 1982 580 2042 4
603 1981 680 2061 περί
709 2000 745 2061 γε
775 1974 836 2062 μὴν
863 1966 1061 2062 α’φροδισίων
1093 1972 1276 2058 ἐγκρατείας
1300 1963 1407 2038 αὐτοῦ.

366 2091 403 2146 Κ.
429 2083 518 2148 παιδ.
542 2085 599 2168 IV,
625 2091 653 2167 2,
678 2089 720 2149 45
749 2080 886 2168 γαστρὸς
908 2087 1068 2169 κρείττους
1092 2079 1173 2148 εἶναι
1197 2081 1251 2146 καί
1273 2079 1410 2166 κερδέων

366 2180 516 2275 δκαίρων.
557 2191 658 2257 Paulo
682 2191 810 2273 longius
835 2192 931 2257 abest
946 2192 1032 2256 Plat.
1046 2190 1120 2254 πολ.
1146 2191 1262 2255 3891).
1287 2193 1351 2253 431
1366 2189 1408 2253 D.

367 2303 430 2361 590
455 2299 479 2363 6
504 2296 612 2382 (huius
637 2298 718 2379 disp.
744 2317 774 2381 p.
803 2305 842 2364 lo
866 2299 947 2363 med.
973 2303 1007 2363 et
1033 2302 1073 2362 14
1095 2296 1164 2383 fin).

235 2399 310 2486 §64
332 2402 386 2467 fin.
411 2409 445 2468 et
468 2401 487 2488 §
510 2411 550 2469 66
575 2403 619 2473 in.
645 2404 777 2470 exhibet
801 2403 966 2470 difficilius
990 2423 1063 2470 esse
1086 2403 1238 2470 libidines
1262 2420 1414 2467 coercere

368 2528 465 2591 quam
488 2512 600 2577 hostes
624 2512 762 2579 vincere.

279 2615 362 2680 Xen.
379 2607 480 2701 nypc,
506 2624 535 2701 5,
561 2625 579 2684 6
603 2618 688 2685 idem
711 2620 842 2702 legitur.

237 2736 256 2823 ἡ
280 2745 323 2805 64
345 2740 399 2806 fin.
424 2733 490 2806 δπδ
513 2742 546 2807 δὲ
569 2752 633 2808 τῶν
657 2736 774 2830 ἡδονῶν
797 2743 931 2837 πολλοὺςΙ
955 2795 962 2807 .
988 2794 994 2806 .
1022 2794 1028 2807 .
1055 2794 1061 2807 .
1086 2746 1313 2828 κρατουμένους
1332 2734 1411 2826 δριῦ.

277 2846 392 2912 Dionis
416 2867 445 2930 p.
474 2855 538 2914 174
560 2850 603 2915 in.
628 2849 855 2932 δεδουλωμένον
877 2842 935 2937 ὑφ’
959 2843 1076 2938 ἡδονῆς.
1123 2869 1153 2932 p.
1182 2854 1244 2914 174
1267 2849 1320 2914 fin.
1353 2840 1413 2936 ἡτ-

367 2958 520 3040 τηθέντες
543 2949 658 3044 ἡδονῆς.
705 2976 736 3039 p.
764 2963 825 3023 146
849 2958 893 3023 in.
917 2950 1026 3046 ἡδονῆς
1048 2951 1184 3046 ἥττονες.

234 3075 253 3162 ξ
279 3082 320 3141 63
344 3078 386 3143 in.
411 3083 515 3161 βίαιος
539 3130 546 3142 .
573 3131 580 3143 .
607 3130 613 3144 .
640 3131 647 3143 .
672 3080 855 3165 τυραννικὸς
877 3081 910 3146 δὲ
933 3082 1010 3168 περὶ
1032 3079 1087 3146 τόν
1109 3079 1238 3167 τρόπον.
1267 3084 1302 3146 et
1323 3079 1414 3145 infra

367 3183 423 3271 τὴν
445 3185 504 3266 μὲν
525 3181 614 3272 ὕβριν
636 3189 692 3252 καλ
715 3193 916 3273 παρανομίαν
937 3186 1087 3276 μισὴσας.

278 3291 394 3356 Dionis
417 3311 447 3374 p.
476 3298 539 3358 114
563 3286 580 3358 ό
603 3294 636 3358 δὲ
659 3293 807 3378 τύραννος
829 3296 883 3360 καὶ
907 3287 926 3381 ἡ
949 3295 1094 3381 τυραννὶς
1119 3291 1258 3359 ἐναντίον
1287 3289 1414 3368 τούτοις

367 3400 472 3479 βίαιον
504 3400 560 3463 καὶ
589 3399 773 3486 παράνομος
805 3410 916 3490 χρῆσις
945 3392 1141 3487 όνθρώπων.
1194 3400 1234 3466 of.
1262 3400 1347 3464 Xen.
1373 3406 1412 3461 K.

373 3503 461 3568 παιδ.
487 3507 512 3588 Ι,
539 3512 568 3590 3,
595 3512 645 3572 17.

327 3610 481 3692 Sequitur
507 3611 608 3694 igitur
632 3615 745 3682 Aelius
769 3617 933 3697 Aristides
961 3615 1134 3698 praecipue
1165 3612 1414 3694 Xenophontem

238 3734 276 3780 ac
301 3716 448 3800 Dionem,
473 3738 533 3784 uec
555 3725 666 3786 tamen
690 3723 899 3791 Plutarchum
923 3724 1020 3805 plane
1043 3719 1199 3803 neglegit.

643 4025 682 4091 V.
722 4028 773 4094 ne
797 4027 1005 4095 rl'hemistio.

300 4112 302 4114 .
327 4144 564 4211 Postremorum
577 4148 704 4214 illorum
721 4150 940 4232 sophistarum
956 4149 1008 4216 vel
1032 4150 1206 4229 rhetorum,
1230 4145 1286 4227 qui
1302 4143 1414 4210 multis

237 4254 271 4312 et
294 4250 432 4331 copiosis
457 4254 657 4321 orationihus
682 4256 756 4322 huic
778 4256 827 4322 rei
850 4275 981 4340 operam
1009 4256 1177 4338 dederunt,
1205 4251 1356 4335 princeps
1380 4255 1416 4316 et
