2964 4980
627 297 849 366 -48..

152 493 395 563 consideranda.
429 497 510 563 Tres
526 503 601 580 post
624 516 725 563 annos
742 497 914 580 Byzantio,
939 501 1110 578 postquam
1126 495 1326 563 christianus

153 609 204 668 est
238 603 354 687 factus,
386 605 525 670 revertit
553 611 651 686 atque
681 604 802 670 diutius
831 605 864 669 in
891 604 957 670 otio
990 605 1092 671 vitam
1121 605 1212 687 degit
1235 610 1270 670 et
1293 606 1326 670 id

151 710 324 794 spectavit,
348 717 385 776 ut
408 717 442 776 et
465 711 606 777 animum
627 713 790 777 excoleret
812 712 997 777 litterarum
1022 713 1128 778 studio
1152 719 1187 776 ot
1210 732 1326 794 corpus

152 825 283 883 curaret
305 818 604 908 exercitationibus
628 819 768 884 maxime
791 819 1027 885 venationibus.
1075 820 1169 884 Auno
1187 819 1327 885 CCCCX

115 995 116 998 Ἴ
152 929 260 990 σόλοιο
289 925 457 1006 episcopus
488 925 686 1007 Cyrenaicus
716 925 824 991 factus
852 932 913 1009 est,
943 927 1028 1008 quod
1058 945 1172 992 munus
1205 925 1327 1007 optime

151 1033 265 1116 gessit,
290 1052 390 1115 usque
413 1035 487 1098 dum
511 1033 609 1098 tertio
640 1032 761 1098 saeculi
785 1033 889 1114 quinti
917 1033 1071 1099 decennio
1095 1039 1238 1099 mortuns
1263 1039 1324 1098 est.

153 1139 272 1205 Suidae
295 1159 336 1204 ex
359 1139 545 1205 testimonio
574 1141 654 1206 haec
684 1140 829 1222 scripsit:
859 1138 1064 1225 γραμματικά
1093 1141 1205 1204 τεκαὶ
1230 1139 1326 1227 φιλό-

152 1265 240 1332 σοφα
275 1247 326 1310 καὶ
357 1245 470 1330 λόγους
496 1245 688 1330 βασιλικούς,
721 1244 878 1331 ἐγκώμιόν
906 1272 941 1311 τε
971 1246 1136 1334 φαλόκρας
1165 1248 1219 1310 καὶ
1250 1248 1326 1332 περὶ,

151 1360 304 1440 προνοίαιςΙ
326 1354 419 1439 λόγον
434 1353 621 1437 θαυμάσιον
643 1347 810 1442 Ἑλληνικῷ
831 1363 1002 1444 χαρακτῆρι
1023 1356 1078 1419 καὶ
1093 1348 1173 1419 ἅλλα
1189 1356 1327 1420 πλεῖστα

152 1463 204 1525 καὶ
229 1461 370 1548 ὁωίφορα
393 1464 499 1546 βιβλία
523 1463 671 1540 συνέταξε
699 1464 753 1526 καὶ
782 1462 840 1539 τὰς
863 1462 1112 1545 θαυμαζομένοις
1140 1461 1324 1541 ἐπιστολάς.

240 1571 428 1636 Admirator
452 1577 559 1636 autem
591 1571 653 1636 fuit
677 1571 834 1653 Synesius
859 1572 974 1637 Dionis
999 1572 1232 1654 Chrysostomi.
1280 1574 1326 1638 Ut

152 1678 236 1742 enim
260 1678 322 1743 Dio
346 1676 547 1763 κυνηγετικόν
570 1679 758 1761 composuit,
782 1679 831 1744 ita
855 1678 1013 1760 Synesius
1042 1680 1110 1744 tale
1140 1680 1326 1761 opusculum

153 1784 293 1868 scripsit,
318 1791 416 1866 atque
432 1792 469 1851 ut
484 1785 560 1868 περὶ
577 1783 743 1870 φαλάκρας
759 1785 828 1868 egit
844 1785 915 1869 Dio,
931 1785 980 1850 ita
997 1785 1154 1866 Synesius
1171 1785 1327 1851 disseruit

152 1892 228 1977 περὶ
255 1891 361 1977 κόμης.
409 1893 588 1958 Praeterea
622 1896 734 1957 noster
767 1912 830 1957 non
865 1893 956 1959 modo
985 1894 1070 1974 apud
1100 1893 1326 1958 adulescentes

152 2001 375 2082 Chrysostomi
422 2000 545 2081 scripta
579 2000 690 2066 verbis
737 2000 927 2081 explanavit
962 2006 996 2065 et
1041 1999 1243 2084 illustravit„
1269 2001 1326 2065 sed

152 2109 251 2173 etiam
275 2108 528 2189 disputationem
552 2109 593 2172 ad
613 2108 809 2172 laudandum
826 2107 961 2171 Dionem
977 2107 1187 2188 compositam
1203 2105 1326 2172 litteris

152 2215 297 2297 tradidit,
330 2233 412 2296 quae
443 2202 602 2295 inscripta
633 2220 697 2279 cst:
728 2217 817 2277 Δίων
841 2208 859 2299 ἢ
883 2213 958 2298 περὶ
982 2221 1037 2298 τῆς
1064 2204 1134 2276 κατ’
1158 2204 1253 2277 αὐτόν
1276 2212 1326 2277 ότ-

152 2330 286 2409 αγωγῆς.
334 2323 362 2385 Ε
392 2340 457 2402 quo·
485 2321 635 2402 opusculo
667 2320 766 2386 affero
801 2322 886 2386 hunc
918 2321 1022 2386 locum
1050 2319 1094 2406 (p.
1122 2320 1191 2407 19):
1224 2319 1326 2384 ταῦτα’

150 2451 207 2508 μοι
231 2429 305 2511 περὶ
332 2432 457 2504 Δίωνος
480 2426 584 2492 εἰπεῖν
608 2425 733 2514 ἐπῆλθε
760 2426 848 2513 πρὸς,
871 2425 925 2492 τὸν
947 2422 1080 2512 όστερόν
1110 2451 1191 2492 ποτε
1223 2427 1325 2492 παῖδα

152 2532 315 2615 ἐσόμενον·
341 2532 413 2599 ἐπεί
435 2557 492 2615 μοι
516 2535 569 2597 καὶ
593 2532 741 2610 διεξιόντι
765 2533 839 2610 τοὺς
854 2532 1081 2611 παντοδαποὺς
1101 2526 1198 2598 αὐτοῦ
1213 2532 1327 2618 λόγους

151 2641 267 2722 μεταξὺ
292 2640 329 2704 τὸ
351 2639 516 2723 μάντευμα
540 2645 662 2726 γέγονε·
687 2640 842 2727 πατρικὸν
865 2640 901 2729 δὴ
925 2646 1080 2707 πέπονθα
1103 2641 1157 2706 καὶ
1180 2635 1236 2730 ἤδη
1250 2661 1326 2707 συν-

152 2758 234 2812 εῖναι
263 2757 309 2833 τῷ
333 2748 426 2812 παιδὶ
448 2747 603 2831 βούλομαι
625 2748 679 2811 καὶ
695 2747 863 2827 όιόόσκειν,
888 2743 969 2812 όττα
992 2773 1048 2830 μοι
1066 2760 1194 2836 φρονεῖν
1217 2747 1326 2814 ἐ’πεισι

152 2855 227 2939 περὶ
252 2853 386 2918 ἑκάστου
409 2859 619 2940 συγγραφέως
641 2879 676 2918 τε
699 2856 753 2918 καὶ
776 2854 1032 2940 συγγράμματος,
1063 2855 1213 2933 συνιστὰς
1237 2847 1326 2942 αὐτῷ

153 2962 266 3047 φίλους
289 2956 411 3045 ἄνδρας,
506 3013 512 3024 .
538 2958 570 3026 έν
594 2959 642 3038 οἷς
666 2959 749 3026 ἔστω
773 2964 828 3026 καὶ
852 2968 940 3027 Δίων
965 2956 981 3027 ό
1005 2962 1187 3045 Προυσαεός
1209 2987 1324 3049 περιτ-

152 3067 206 3144 τός
229 3060 305 3156 όνὴρ
329 3068 433 3133 εἰπεῖν
456 3093 491 3132 τε
514 3069 568 3132 καὶ
592 3077 718 3152 γνῶναι.
751 3069 805 3132 καὶ
828 3078 940 3133 τοῦτον
964 3056 1018 3133 οὖν
1042 3067 1213 3146 ἐπαινέσας
1236 3062 1325 3156 adop]

152 3175 364 3259 παραδίδωμι,
389 3173 442 3239 ‘ivo
465 3198 521 3255 μοι
545 3173 626 3256 μετὰ
651 3173 725 3251 τοὺς
753 3184 808 3262 τῆς
838 3180 983 3260 γενναίας
1015 3177 1212 3263 φιλοσοφίας
1242 3201 1324 3260 προ-

152 3279 272 3357 στότας
295 3272 476 3363 όπόρχοιτό
500 3305 580 3345 ποτε
603 3281 658 3344 καὶ
686 3291 755 3357 τοῖς
777 3282 958 3358 πολιτικοῖς
986 3291 1044 3346 τοῦ
1068 3288 1192 3360 Δίωνος
1220 3282 1324 3367 γρόμ-

151 3410 231 3470 μασι
254 3387 411 3472 μεθόριον
435 3379 515 3451 αότό
540 3381 711 3474 ἡγούμενος
733 3398 797 3452 των
821 3387 1111 3475 προπαιόειμότιιιν
1134 3413 1169 3453 τε
1192 3390 1246 3453 καὶ
1269 3399 1325 3479 τῆς

151 3488 398 3582 ιῖλιγέινωιιίιιγς
421 3495 579 3572 παιδείας.
627 3497 680 3560 Ex
702 3497 773 3577 ipso
796 3497 898 3578 igitur
922 3497 1058 3578 Synesio
1083 3497 1184 3580 audis,
1209 3498 1324 3579 quanti

151 3604 287 3668 Dionem
317 3603 551 3668 aestimaverit.
603 3603 668 3667 Vix
697 3603 769 3685 quis
800 3603 927 3668 dubitet
960 3604 1058 3669 talem
1089 3603 1152 3669 viri
1184 3604 1323 3669 admira·

153 3716 255 3775 torem
279 3709 378 3774 etiam
402 3709 600 3774 imitatorem
624 3710 735 3775 fuisse.
783 3711 829 3776 Et
853 3710 1005 3790 probavit
1025 3709 1092 3796 iam
1108 3710 1220 3790 paucis
1243 3710 1323 3776 locis

152 3816 264 3882 allatis
288 3816 453 3902 Birtius*)
478 3816 595 3898 Synesi
611 3818 650 3881 de
675 3817 767 3899 regni
792 3817 945 3897 scriptum
962 3816 1136 3882 defluxisse
1152 3837 1169 3882 e
1185 3817 1324 3882 lectione

153 3922 390 4003 Clnysostomi:
425 3928 571 3987 nostrum
608 3923 672 3987 erit
707 3924 765 3987 hos
798 3923 885 3986 locos
920 3922 994 3986 aliis
1027 3928 1138 3988 auctos
1168 3922 1323 4005 proferre,

152 4029 267 4093 deinde
301 4029 470 4112 inspicere,
512 4048 681 4110 quemnam
711 4048 728 4093 e
757 4029 875 4093 ceteris
906 4030 944 4093 de
979 4029 1040 4093 hac
1073 4049 1108 4093 re
1137 4029 1323 4095 auctoribus

152 4134 308 4216 Synesius
334 4141 409 4200 ante
434 4136 542 4200 oculos
566 4135 727 4201 habuerit.

223 4297 248 4363 *)
268 4293 375 4347 Indices
395 4294 541 4347 lectionum
560 4294 799 4362 Morburgensium
818 4296 883 4348 anni
902 4295 1122 4349 MDCCCLXXV
1141 4311 1206 4363 pag.
1219 4293 1323 4347 XVIII.
