2964 4980
726 369 951 434 ὴ59..

251 563 328 644 Syn.
354 583 423 645 cap.
449 565 515 629 ssA
540 557 629 639 ὅστις
652 563 685 627 δέ
708 556 868 629 άπολαύει
892 573 948 652 τῆς
972 557 1141 650 ἡγεμονίας
1164 563 1211 640 είς
1233 563 1395 652 τρυφήν.
1421 615 1427 627 .

385 668 529 752 οίύμενος
552 670 617 735 δεῖν
641 668 842 752 ἐμπιπλάναι
865 669 924 748 τάς
948 663 1043 748 αύτὸς
1059 664 1156 735 αὑτοῦ
1173 670 1282 748 πάσας
1298 664 1428 755 ὀρέξεις,

385 827 392 839 .
418 827 425 840 .
451 827 458 840 .
483 786 579 841 τοῦτο
602 778 709 863 κέρδος
732 787 788 842 τοῦ
804 779 931 842 πολλῶν
955 772 1061 863 άρχειν
1077 781 1257 859 τιθέμενος,
1283 778 1321 843 τὸ
1337 778 1428 864 παρὰ

289 938 291 943 .
384 885 510 949 πολλῶν
534 877 621 971 αύτῶ
644 884 895 970 θεραπεύεσθαι
918 894 975 971 τῆς
1000 894 1101 972 ψυχῆς
1124 883 1161 949 τὸ
1184 879 1344 971 ἡδόμενον.

295 1009 358 1075 Dio
382 1031 411 1091 p.
440 1016 501 1075 113
531 1002 570 1073 ει)
594 1009 627 1073 δέ
657 1009 826 1098 φιλήδονος
850 1059 991 1073 .....
994 1061 1002 1087 ,
1035 1004 1129 1074 αύτδν
1154 1009 1298 1092 οἰόμενος
1323 1005 1430 1088 αδξειν

384 1113 505 1198 μόνον.
524 1167 531 1179 .
550 1167 557 1180 .
575 1167 594 1196 .,
612 1116 687 1193 τοὺς
702 1117 735 1181 δὲ
750 1113 911 1204 ύπηκύους
934 1111 1080 1193 ἅπαντας
1102 1110 1275 1204 ἡγούμενος
1299 1117 1432 1195 δούλους

356 1229 357 1232 ’
384 1223 439 1286 καὶ
463 1216 621 1310 ὑπηρέτας
643 1233 699 1311 της
722 1216 821 1288 αὑτοῦ
845 1233 976 1311 τρυφῆς.

255 1348 333 1429 Syn.
359 1368 429 1429 cap.
458 1355 497 1413 12
521 1349 564 1413 in.
590 1350 857 1436 παραιγυλακτέον
879 1355 989 1431 μέντοι
1013 1351 1067 1413 καὶ
1094 1348 1181 1432 μάλα
1204 1345 1259 1436 ὅλη
1283 1360 1321 1436 τῇ
1345 1351 1431 1435 γνιύ-

384 1479 428 1541 μη
446 1505 452 1518 .
472 1505 478 1518 .
497 1505 515 1533 ,,
539 1454 584 1542 μὴ
606 1455 694 1543 λάθη
717 1457 916 1541 παρεισδύσα
932 1458 1080 1521 κολακεία
1103 1455 1140 1520 τὸ
1166 1458 1279 1544 φιλίας
1296 1457 1430 1543 πράσιο-

385 1586 448 1626 πον
472 1569 683 1651 περικειμένη.
708 1557 773 1628 ύπδ
796 1564 895 1650 μάνης
918 1569 954 1649 γέ
976 1590 1027 1628 τοι
1051 1565 1216 1652 ταύτης..
1240 1563 1431 1651 ληστεύεται

386 1670 545 1751 βασιλεία·
564 1668 751 1757 εέσιγέρεται
769 1671 829 1757 γὰρ
847 1722 853 1735 .
873 1722 879 1734 .
899 1722 905 1735 .
922 1670 1009 1753 μάλα
1027 1668 1177 1754 ἐνδοτέρω
1194 1680 1258 1736 τῶν
1274 1677 1433 1753 ταμιείων

386 1777 440 1839 καὶ
472 1775 628 1863 ἐπιχειρεῖ
663 1786 709 1863 τηῦ
748 1777 935 1864 κυριωτάτην
975 1787 1039 1843 τῶν
1080 1782 1245 1862 βασιλέων,
1282 1771 1362 1866 αὕτη
1392 1804 1431 1866 τη

390 1892 484 1970 νοῶ·

295 2009 358 2074 Dio
374 2029 404 2090 p.
425 2015 486 2075 106
512 2019 625 2075 πασῶν
648 2010 708 2096 γὰρ
732 2004 776 2086 ῶς
800 2008 878 2088 έπος
901 2010 1005 2075 εἰπεῖν
1033 2019 1097 2074 τῶν
1120 2018 1238 2074 κακιῶν
1263 2009 1432 2096 αἰσχίστην

386 2111 426 2180 δν
458 2111 544 2203 εύροι
574 2142 623 2194 τις
651 2117 708 2205 τὴν
736 2120 911 2182 κολακείαν.
964 2139 993 2200 p.
1022 2124 1083 2183 108
1107 2118 1160 2182 fin.
1193 2117 1275 2181 πολύ
1305 2140 1341 2201 γε
1368 2116 1433 2204 μὴν

386 2221 596 2310 πονηρότερός
613 2222 681 2289 ἔστι
698 2224 781 2310 (soil.
798 2217 935 2310 δκύλαξ)
950 2233 1015 2287 τῶν
1034 2223 1235 2308 ψευδομένων
1249 2223 1431 2309 μαρτύρων.

390 2327 420 2392 ολ
451 2329 508 2411 μὲν
536 2329 596 2415 γάρ
628 2322 664 2394 ού
693 2331 924 2419 διαφθείρουσι
958 2330 1012 2395 τὸν
1045 2329 1193 2395 δικαοτδν
1225 2321 1305 2394 άλλά
1333 2327 1433 2412 μόνον

389 2433 600 2513 ἐξαπατῶσιν.
648 2438 687 2503 of.
714 2440 824 2504 Them.
850 2460 880 2520 p.
906 2445 969 2504 30,

255 2561 333 2642 Syn.
359 2582 429 2643 cap.
458 2565 543 2628 101)
568 2572 680 2627 τοῦτον
705 2556 782 2647 δψει
805 2572 859 2627 νῦν
881 2563 940 2644 μέν
962 2555 1049 2647 ύψου
1073 2560 1129 2649 τὴν
1152 2561 1287 2648 γνώμην,
1320 2570 1374 2625 νυν
1399 2561 1433 2626 δὲ·

387 2663 512 2747 ύπτιον,
530 2675 825 2755 τεταραγμένοννῦν
841 2670 899 2751 μέν
916 2662 1006 2756 δρμγγ,
1023 2677 1077 2734 νῦν
1093 2669 1126 2733 δὲ·
1143 2677 1226 2756 φυγγγ
1244 2669 1297 2732 καὶ
1313 2667 1435 2745 λύπαις

388 2775 442 2837 καὶ
464 2768 590 2860 ἡδοναῖς
613 2777 667 2840 καὶ
690 2769 827 2853 άτύποις
851 2768 998 2860 ὀρέξεσιν.

299 2900 361 2964 Dio
385 2920 415 2980 p.
441 2905 483 2965 48
515 2901 569 2963 καὶ
597 2900 704 2988 πάσης
739 2893 875 2982 άνομίας
907 2899 1151 2983 έμπιπλάμενύν
1188 2925 1223 2964 τε
1257 2901 1312 2963 καὶ
1347 2892 1434 2964 άπο-

389 3005 579 3087 πιμπλιίντα
608 3005 643 3084 έξ
672 3003 816 3085 ἅπαντος
845 3000 943 3072 αύτοῦ
978 3006 1033 3094 την
1067 3006 1168 3094 ψυχὴν
1201 3011 1434 3094 τεταραγμένην

389 3104 499 3197 δργαῑς
530 3138 565 3178 τε
593 3115 647 3178 καὶ
679 3113 797 3191 λύπαις
829 3115 883 3178 καὶ
908 3113 1022 3201 φόβοις
1045 3115 1100 3178 καὶ
1123 3107 1248 3201 ἡδοναῖς
1271 3114 1326 3176 καὶ
1350 3138 1434 3178 παν-

390 3224 494 3297 τοίαις
518 3218 721 3302 ἐπιθυμίαις.
769 3242 798 3303 p.
827 3227 890 3287 164
920 3222 974 3286 καὶ
998 3220 1058 3305 γὰρ
1086 3220 1123 3307 δὴ
1145 3212 1310 3306 ᾐσθάνετο
1338 3212 1436 3284 αύτδν

389 3333 443 3389 νῦν
476 3327 534 3408 μὲν
568 3320 727 3414 ἡδόμενον,
762 3337 817 3392 νῦν
852 3328 886 3391 δὲ
920 3326 1117 3409 λυπούμενον
1144 3325 1176 3391 έν
1198 3335 1244 3411 τη)
1269 3317 1356 3410 αύτῷ
1381 3327 1435 3389 καὶ

391 3431 446 3518 τὴν
472 3432 573 3520 ψυχὴν
595 3426 693 3499 αύτοῠ
717 3428 846 3521 άκριτον
871 3423 976 3498 οὖσαν.

302 3557 352 3622 Ad
369 3556 483 3623 Dionis
508 3555 753 3641 έμπιπλάμενύν
776 3585 811 3624 τε
834 3561 889 3623 καὶ
912 3552 1173 3641 άποπιμπλάντα
1189 3558 1299 3624 confer
1316 3559 1435 3640 Synesi

391 3684 460 3745 ουρ.
487 3667 647 3732 6Aillud
672 3664 873 3748 ἐμπιπλάναι
898 3665 1006 3751 (huius
1031 3667 1113 3747 disp.
1139 3687 1168 3746 p.
1194 3667 1258 3730 hac
1279 3665 1340 3751 in.)

260 3787 337 3869 Syn.
374 3808 443 3871 cap.
484 3796 520 3854 11
551 3793 581 3857 Α
616 3792 670 3853 καὶ
704 3790 748 3878 μὴ
794 3802 919 3877 κρατεῖν
961 3783 1113 3867 άξιουντα
1160 3790 1436 3874 πολλακιςμυρίων

391 3887 578 3982 άνθριύπων
591 3895 705 3962 έπειτα
721 3890 817 3963 αὐτὸν
833 3898 942 3961 δουλον
959 3895 1039 3960 εἶναι
1056 3897 1234 3961 δεσποινῶν
1250 3895 1434 3976 αἰσχίστων,

392 3994 503 4089 ἡδονῆς
526 4004 581 4066 καὶ
604 4004 714 4090 λύπης.

304 4127 366 4191 Dio
390 4128 452 4193 vol.
477 4129 521 4211 ΙΙ,
545 4148 576 4211 p.
603 4134 664 4194 321
691 4131 744 4193 καὶ
767 4128 828 4216 μὴν
852 4127 883 4192 εί
904 4154 954 4205 τις
981 4120 1093 4215 άνδρὸς
1122 4127 1190 4206 ἑνὸς
1222 4119 1276 4208 ούχ
1306 4125 1373 4203 οἷός
1401 4151 1435 4190 τε

392 4227 499 4320 άρχειν
524 4233 592 4298 έστὶ
607 4235 661 4298 καὶ
686 4235 800 4299 τούτου
816 4235 941 4322 σηόδρα
958 4234 1049 4320 έγγδς
1066 4230 1164 4313 ὄντος,
1182 4223 1208 4319 ᾧ
1225 4233 1261 4322 δὴ
1282 4232 1434 4310 ξύνεστιν,

394 4331 464 4403 οὐδὲ
499 4328 539 4403 αἶ·
575 4345 651 4421 μίαν
689 4340 789 4428 ψυχὴν
824 4341 1033 4407 κατευθύνειν
1068 4342 1123 4429 τὴν
1158 4332 1266 4417 αύτοῦ,
1302 4348 1374 4416 πῶς
1396 4335 1435 4403 δν
