2964 4980
627 397 849 460 ..21-

195 589 258 657 Dio
281 609 311 674 p.
338 598 379 657 50
409 582 489 654 due
523 588 583 676 γὰρ
611 581 733 676 οἷνοῖγτη
761 586 816 654 τὸν
850 583 965 676 ἥμερον
998 589 1053 653 καὶ
1090 587 1328 677 φιλάνθρωπον

283 698 415 780 βασιλέα
449 695 613 783 μὴμόνον
637 696 811 783 φιλεῖσθαι
845 688 902 760 ὑπ’
937 689 1125 782 ανθρώπων
1159 687 1239 760 ἄλλα
1273 698 1328 761 καὶ

284 801 434 888 ἐρᾶσθαι.
466 823 496 886 p.
515 809 554 868 51
574 801 605 866 οἱ
621 802 654 866 δὲ
669 794 840 878 εἷκούοντες
864 800 1083 885 ἐπιθυμοῦσιν
1107 801 1185 867 ἰδεῖν
1207 803 1328 885 μᾶλλον

284 906 303 997 ἢ
325 910 440 986 παῖδες
469 901 698 993 ἐννοουμένους
725 913 867 995 πατέρας
893 901 1044 996 ἐνευρεῖν.
1091 928 1121 992 p.
1148 915 1188 975 55
1218 908 1328 974 πόθεν

284 1017 317 1081 δὲ
341 1009 397 1081 οὐκ
420 1012 459 1081 ἐν
483 1014 611 1081 ἐλθοιεν
635 1009 687 1081 ἐπ’
712 1014 829 1082 ἐκεῖνον
857 1009 1015 1101 ὀψόμενοί
1037 1040 1072 1081 τε
1096 1009 1193 1081 αὐτόν
1218 1067 1225 1080 .
1252 1066 1259 1079 .
1286 1066 1293 1080 .
1319 1067 1327 1080 .

284 1124 323 1190 cf.
348 1126 432 1190 Xen.
449 1116 550 1210 ἐγηο.
578 1130 605 1208 1,
633 1130 683 1189 19.
709 1131 739 1208 6,
763 1129 793 1189 4.
841 1123 957 1190 DieniS
981 1142 1011 1206 p.
1036 1130 1108 1190 120.
1138 1144 1169 1207 p.
1197 1130 1257 1189 121
1283 1124 1326 1190 in.

149 1252 235 1316 Xen.
262 1258 300 1313 K.
324 1249 413 1313 παιδ.
440 1251 477 1333 V,
503 1256 531 1333 3,
557 1255 598 1314 32
623 1246 739 1335 ἐχθρὸν
762 1247 795 1312 δὲ
817 1248 934 1334 μηδένα
958 1246 1135 1330 ἐπιθυμεῖν
1158 1243 1251 1312 εἶναι.

196 1357 258 1422 Die
283 1375 314 1438 p.
333 1363 372 1420 51
400 1347 502 1432 οὐδεὶς
526 1347 674 1439 ὁμολογεῖ
696 1355 851 1435 πολέμιος
874 1351 966 1420 εἶναι.
1013 1374 1043 1438 p.
1069 1361 1130 1421 120
1153 1354 1272 1442 μηδένα
1295 1354 1328 1420 δέ

286 1460 388 1544 ἐχοντι
412 1459 667 1545 ἐπιβουλεύοντα.

238 1571 441 1636 Abhorreret
465 1569 550 1634 enim
574 1573 747 1654 enatura,
780 1569 809 1635 si
832 1569 959 1635 bestiae
983 1569 1101 1634 mentis
1125 1569 1328 1635 uenationis

149 1683 302 1759 expertes
333 1682 482 1743 amarent
512 1696 568 1742 eos
597 1677 652 1759 qui
680 1683 843 1761 regerent,
874 1677 1019 1742 hemines
1049 1680 1156 1741 mente
1185 1675 1328 1758 praediti

149 1785 297 1850 odissent
319 1802 379 1849 nee
401 1783 443 1849 iis
467 1789 631 1866 parerent.
662 1784 747 1849 Xen.
766 1792 802 1847 K.
828 1782 915 1846 παιὸ.
933 1783 959 1866 Ι,
987 1790 1014 1866 1,
1042 1789 1057 1847 1
1077 1802 1120 1848 ss.
1149 1782 1211 1847 Die
1228 1803 1258 1864 p.
1274 1789 1325 1848 50.

239 1892 389 1956 Amorem
412 1891 515 1972 igitur
538 1891 676 1956 omnium
692 1909 751 1955 rex
772 1889 852 1956 telis
876 1890 938 1956 sibi
959 1889 1161 1971 comparebit
1182 1888 1327 1955 firmissi-

149 2015 298 2078 mumque
322 1996 417 2080 regni
440 2002 474 2062 et
496 1997 587 2063 vitae
609 1996 854 2062 fundamentum
877 2001 985 2078 ponet.
1429 1993 1430 1997 ’

149 2123 234 2187 Xen.
258 2113 322 2206 Ἱέρ.
351 2128 400 2204 11,
427 2127 465 2186 11
498 2119 597 2208 φόβον
625 2121 658 2184 δὲ
690 2112 745 2184 οὐκ
767 2115 807 2186 ἐν
830 2117 923 2200 ἐχοις,
947 2111 1018 2183 α’λλ)
1041 2113 1150 2196 ἄλλοις
1176 2124 1329 2206 παρέχεις

282 2226 327 2314 μή
350 2252 382 2291 τι
405 2226 530 2314 πείθῃς.
579 2235 607 2311 7,
635 2234 674 2293 10
705 2219 761 2291 οὐκ
792 2225 1083 2309 ἐπιβουλευόμενον,
1115 2217 1195 2289 ἄλλα
1229 2249 1328 2312 φρον-

284 2333 447 2415 τιζόμενον
480 2333 524 2420 μή
558 2359 591 2398 τι
626 2333 734 2420 πάθῃ.
786 2342 823 2397 Κ.
848 2333 937 2398 παιδ.
963 2334 1036 2417 VH,
1063 2340 1090 2416 1,
1116 2339 1157 2398 30
1194 2325 1238 2408 ὡς
1272 2324 1328 2396 οὐκ

743 2434 853 2458 “)1(

286 2438 372 2504 ἐστιν
407 2440 592 2527 ἰσχυροτέρα
628 2439 757 2528 φάλαγξ
788 2468 806 2506 ν
843 2436 918 2504 όταν
953 2437 987 2503 ἐκ
1016 2439 1120 2526 φίλων
1153 2437 1328 2521 συμμάχων

286 2540 484 2634 ἠθροισμένη
499 2547 528 2634 ᾖ.
576 2548 668 2632 VIII,
687 2555 715 2631 7,
734 2554 773 2613 13
798 2538 867 2609 ἄλλ’
885 2545 915 2609 οἱ
930 2546 1045 2610 πιστοὶ
1062 2546 1152 2632 φίλοι
1168 2554 1328 2633 σκῆπτρον

285 2655 468 2737 βασιλεῦσιν
491 2646 714 2741 ἅληθέστατον
737 2654 792 2718 καὶ
814 2646 1069 2740 ἅσφαλέστατον.

199 2762 260 2826 Dio
283 2780 314 2843 p.
341 2769 384 2827 54
406 2765 487 2829 med.
521 2768 571 2840 τίς
599 2761 631 2826 δὲ
661 2759 783 2848 φρουρὰ
812 2772 893 2825 ποῖα
921 2759 954 2824 δὲ
984 2757 1125 2846 ἐρύματα
1148 2757 1266 2845 ποῑαῧ)
1296 2758 1328 2823 δὲ

286 2863 370 2932 ὅπλα
403 2869 590 2957 βεβαιότερα
624 2869 678 2932 καὶ
712 2872 846 2955 κρείττω
881 2877 936 2955 τῆς
964 2859 1032 2931 οἷπὸ
1058 2875 1123 2930 τῶν
1154 2858 1327 2930 εὖνούντων

287 2976 445 3064 φυλακῆςς
490 2997 521 3060 p.
548 2984 588 3042 55
617 2981 703 3052 τίνος
724 2975 783 3057 μὲν
810 2973 871 3061 γὰρ
902 2967 919 3038 ὃ
949 2977 1019 3056 βίος
1046 2965 1328 3060 α’σφαλέστεροςῆ

287 3080 320 3146 ιὸν
344 3082 463 3159 πάντες
487 3075 606 3164 ὁμοίως
631 3080 863 3170 φυλάττοντας

196 3190 248 3256 Ae
270 3191 353 3256 Xen.
378 3183 443 3276 Ἱέρ.
476 3198 504 3275 7,
531 3196 571 3256 10
612 3190 651 3256 cf.
687 3189 787 3255 etiam
814 3188 929 3254 Dionis
956 3208 986 3271 p.
1015 3194 1076 3253 120
1106 3186 1215 3273 (huius
1245 3187 1327 3270 disp.

285 3316 315 3380 p.
339 3299 410 3364 hec.
435 3297 505 3385 in).

241 3422 293 3487 Ad
327 3441 436 3488 omnes
471 3424 529 3488 hos
564 3423 651 3488 loeus
687 3421 843 3487 adhibeat
871 3421 943 3500 quis
971 3419 1112 3486 Aristeu.
1136 3418 1211 3483 πολ.
1236 3419 1328 3503 VHI,

153 3534 205 3611 11,
231 3534 249 3592 5
273 3522 370 3616 καὶὴ
399 3528 457 3610 μὲν
479 3529 626 3612 βασιλεία
658 3527 797 3606 σώζεται
831 3526 882 3591 διὰ
912 3534 977 3591 τιῦν
1002 3527 1114 3614 φίλων,
1146 3522 1329 3611 τυραννικὸν

150 3634 184 3699 δὲ
209 3632 246 3698 τὸ
267 3626 399 3717 μάλιστ’
422 3627 575 3699 α’πιστεῑν
598 3644 667 3711 τοῖς
691 3634 807 3722 φίλοις.
923 3675 926 3679 ›

202 3777 207 3786 ·
241 3741 352 3808 Etiam
377 3734 571 3830 τέφροὸιοια
595 3742 783 3808 iucundiora
816 3761 899 3826 esse,
935 3741 965 3806 si
998 3742 1081 3806 fient
1114 3760 1185 3806 eum
1220 3758 1329 3805 amore

150 3866 248 3930 quam
272 3849 341 3915 sine
366 3869 474 3915 amere
498 3850 652 3915 exhibent
674 3849 758 3914 Xen.
783 3841 848 3932 Ἱέρ.
876 3854 903 3932 1,
929 3853 969 3912 29
994 3852 1028 3913 et
1050 3846 1113 3912 Diu
1137 3867 1167 3928 p.
1195 3852 1267 3911 132.

241 3957 414 4036 Tyrannus
438 3975 515 4023 vero
538 3956 699 4020 hominum
723 3975 864 4020 emerem
879 3972 1041 4036 nunquam
1064 3953 1220 4036 acquiret,
1244 3953 1328 4034 quod

149 4080 262 4127 omnes
286 4083 343 4143 pro
368 4063 473 4129 servis
497 4064 607 4128 hebet.

222 4292 250 4361 *)
270 4298 361 4360 „reete
372 4293 502 4347 Morellus
521 4294 623 4347 ὁποίων
642 4299 706 4347 ante
725 4301 789 4347 ποῖα
809 4292 949 4360 traditum,
969 4297 1000 4344 ut
1020 4291 1171 4357 delendum,
1190 4289 1267 4343 uncis
1285 4287 1326 4342 in·

147 4381 261 4439 elusiu.
297 4383 407 4439 Reiske.
