2964 4980
734 413 994 475 -28-’

259 635 261 637 ’
345 607 422 675 Alia
446 608 655 690 complurium
678 606 856 673 communia
879 606 1025 673 breviter
1049 606 1258 688 stringamus.

346 715 540 781 Plutarchus
566 735 662 797 saepe
678 719 845 796 regentem
868 712 1027 779 hominem
1044 731 1113 778 cum
1138 719 1239 779 nauta
1259 718 1294 779 et
1309 713 1432 778 medico

257 827 433 902 comparat.

261 926 292 1011 l)
317 946 346 1009 p.
376 934 447 992 127.
475 934 536 993 147
562 929 614 994 fin.
648 936 710 995 150
736 922 861 1014 (ὥσπερ
880 925 998 992 οἰάκων
1022 924 1257 1014 ἐφαψάμενον).
1292 934 1353 991 158
1377 927 1432 991 fin.

394 1041 465 1099 197.
491 1042 554 1101 219
579 1036 632 1101 fin.
659 1043 722 1100 236
746 1036 799 1101 fin.
849 1034 883 1119 2)
907 1053 937 1116 p.
964 1039 1026 1099 246
1051 1034 1103 1099 fin.
1132 1041 1195 1099 258
1219 1034 1272 1099 fin.

257 1141 342 1205 Plut.
369 1159 398 1222 p.
426 1148 489 1206 270
513 1144 594 1207 med.
619 1144 759 1208 Deorum
783 1141 940 1223 pietatem
964 1150 1204 1207 commemorat:
1232 1140 1312 1222 uad
1339 1149 1434 1228 τιμὴς

391 1253 471 1311 θεοῦ
496 1247 627 1324 πάντας
650 1240 789 1335 ἅγαύσης
812 1246 892 1331 πρὸς
916 1239 1087 1330 εὐσέβειαν.

257 1354 343 1419 Plut.
368 1342 488 1436 11272
513 1356 668 1442 scriptum
691 1364 743 1421 est
767 1355 814 1418 δεῖ
836 1347 873 1438 δὴ
894 1354 1035 1436 μάλιστα
1058 1365 1184 1439 κρατεῖν
1208 1352 1340 1417 ἑαυτῶν.

348 1480 591 1563 Supersederim
612 1500 668 1546 eos
684 1481 770 1546 locos
787 1499 985 1563 enumerare,
1002 1481 1118 1562 ollibus
1135 1485 1246 1545 noster
1261 1481 1433 1545 Platonem

259 1591 316 1651 aut
354 1587 599 1668 Xenophontem
644 1587 832 1652 nominatim
878 1586 1032 1670 proferat,
1073 1587 1214 1652 sufficiat
1254 1591 1434 1652 annotasse

259 1693 477 1777 Plutarchum,
508 1712 571 1774 qua
600 1701 690 1760 esset
718 1693 876 1776 doctriua,
907 1712 971 1757 non
1001 1695 1097 1758 semol
1132 1693 1258 1758 illorum
1290 1693 1433 1759 virorum

258 1799 386 1863 nomina
409 1799 636 1886 iactavisse*).

347 1906 493 1972 Vidimus
516 1906 618 1988 igitur
648 1908 825 1988 permultas
856 1907 1058 1971 intercedere
1090 1906 1318 1972 similitudines
1345 1906 1434 1971 inter

257 2013 467 2078 Plutarchum
483 2020 517 2079 et
532 2015 684 2094 Dionem3
700 2014 764 2080 iam
782 2013 981 2096 quaesiverit
994 2013 1075 2096 quis,
1092 2019 1166 2078 uter
1183 2013 1227 2079 sit
1243 2013 1434 2096 exemplum,

257 2125 330 2183 uter
364 2119 519 2185 imitator.
578 2121 787 2186 Plutarchum
822 2122 950 2186 Nervae
991 2127 1024 2185 et
1059 2121 1195 2186 Traiani
1234 2119 1434 2200 temporibus

257 2225 411 2306 pleraque
442 2246 501 2292 sua
532 2227 655 2309 scripta
689 2227 905 2309 composuisse
940 2232 1070 2292 constat
1080 2226 1140 2312 **),
1176 2228 1289 2292 eadem
1321 2232 1434 2291 aetate

257 2331 366 2397 floruit
381 2333 453 2397 Dio.
487 2334 549 2416 Qui
565 2335 628 2399 etsi
652 2334 717 2399 iam
734 2339 811 2399 aute
826 2335 967 2400 Nervam
991 2334 1219 2415 imperatorem
1242 2333 1343 2398 libros
1359 2351 1434 2397 con-

257 2440 345 2523 fecit,
369 2447 478 2506 tamen
494 2440 672 2508 verisimile
688 2445 741 2506 est
764 2440 832 2506 eius
850 2443 889 2506 de
913 2460 1012 2522 regno
1030 2441 1153 2521 scripta
1169 2439 1305 2505 Traiani
1321 2445 1435 2504 aetate

257 2548 434 2629 composita
469 2567 552 2630 esse,
591 2548 625 2614 id
659 2549 743 2629 quod
777 2566 833 2629 pro
869 2548 970 2613 tertia
1005 2547 1152 2613 oratione
1188 2546 1361 2613 concludas
1394 2565 1436 2610 ex

257 2653 374 2719 Dionis
399 2674 428 2737 p.
456 2655 655 2720 10111161
682 2655 810 2719 103111.
844 2661 942 2737 atque
976 2655 1144 2720 1651111.
1192 2655 1309 2734 ltaque
1338 2652 1435 2717 confi·

258 2763 389 2826 tendum
414 2766 467 2826 est
490 2762 571 2827 certi
596 2762 766 2842 quicquam
790 2763 830 2827 de
853 2761 915 2826 hac
937 2781 973 2825 re
997 2760 1160 2827 enucleari
1191 2759 1296 2824 minus
1327 2776 1436 2842 posse,

257 2873 365 2933 utrum
388 2869 450 2934 Dio
474 2869 561 2950 prior
585 2870 625 2934 de
648 2888 748 2950 regno
773 2867 943 2950 scripserit
967 2887 1009 2932 an
1033 2867 1237 2932 Plutarchus.

692 3103 800 3168 llorci
824 3101 997 3168 Antonini

258 3243 297 3307 de
322 3243 443 3325 scripto
467 3247 569 3310 verba
598 3264 662 3309 uon
691 3249 767 3310 sunt
795 3244 954 3328 facienda,
983 3263 1053 3310 oum
1076 3245 1193 3309 breves
1217 3248 1251 3308 et
1274 3245 1437 3323 abruptae

258 3349 442 3415 sententiae
465 3350 499 3414 in
523 3370 686 3416 commune
703 3352 852 3418 valentes
876 3370 936 3416 nec
951 3350 1039 3432 regis
1055 3349 1206 3432 propriae
1227 3349 1437 3432 proferantur

328 3586 355 3652 *)
374 3582 634 3636 Commemoratione
653 3582 738 3650 digna
756 3582 867 3636 videtur
886 3598 945 3636 esse
964 3581 1113 3635 similitudo
1133 3580 1273 3647 quaedam,
1297 3594 1367 3645 quae
1394 3586 1438 3633 est

259 3673 333 3727 inter
345 3673 523 3727 Plutarchum
536 3678 564 3726 et
577 3672 713 3726 Senecam.
733 3672 775 3725 Pl.
789 3689 814 3739 p.
827 3675 880 3725 273
893 3672 929 3725 in.
949 3663 1016 3724 (illd
1032 3676 1139 3741 πρῶτον
1157 3670 1211 3740 μὲν
1231 3659 1438 3740 εὖπρασήγορος

259 3765 305 3815 καὶ
331 3759 424 3821 καινὸς
443 3759 481 3815 ὠν
507 3757 622 3816 πελάσαι
650 3765 696 3815 καὶ
723 3766 889 3832 προσελθεῖν
915 3758 1024 3814 ἅπασιν.
1062 3760 1123 3812 Sen.
1148 3759 1181 3811 de
1208 3758 1284 3812 clem.
1307 3757 1329 3823 I,
1357 3760 1438 3824 13,4

260 3866 381 3904 sermone
400 3851 528 3905 adfabilis
542 3867 707 3918 accessuque
726 3851 822 3910 facilis.
859 3851 989 3917 Princeps
1009 3854 1105 3902 auctor
1123 3853 1166 3902 est
1184 3848 1253 3901 Xen.
1271 3839 1354 3918 Ἀγησ.
1366 3851 1391 3913 9,
1414 3850 1437 3901 1.

329 3961 372 4028 **)
391 3960 546 4013 Volkmann
572 3960 635 4014 libri
661 3959 707 4012 all.
733 3976 758 4026 p.
778 3961 812 4012 78
838 3958 917 4011 dicit:
943 3943 1016 4011 Uber
1042 3957 1085 4010 die
1110 3954 1361 4023 Entstehungszeit
1388 3956 1436 4009 der

257 4049 394 4103 Schriften
421 4050 477 4103 und
504 4049 563 4102 ihre
589 4048 813 4118 chronologische
831 4046 1014 4115 Reihenfolge
1041 4047 1110 4099 habe
1137 4045 1181 4098 ich
1208 4062 1237 4098 so
1265 4043 1356 4111 wenig
1385 4043 1437 4097 wie

258 4138 357 4192 andere
383 4154 431 4192 vor
450 4139 501 4191 mir
520 4142 604 4191 etwas
624 4138 763 4191 ermitteln
782 4138 898 4190 kdnnen.
936 4134 1134 4188 Nachweislich
1159 4133 1245 4186 fallen
1265 4131 1366 4200 jedoch
1393 4132 1437 4200 die

258 4228 372 4281 meisten
385 4228 413 4281 in
426 4228 573 4281 Plutarchs
586 4228 684 4281 reifere
694 4225 856 4280 Lebenszeit
869 4225 924 4279 und
937 4224 997 4278 sind
1010 4225 1081 4277 nach
1094 4223 1233 4276 Domitian
1246 4221 1436 4289 geschrieben.

258 4317 306 4369 Ich
324 4318 392 4371 habe
410 4317 491 4370 keine
510 4316 611 4370 Schrift
630 4316 776 4384 gesundeu,
797 4315 844 4368 der
864 4314 914 4366 mit
933 4312 1138 4367 Bestimmtheit
1162 4311 1222 4365 eine
1248 4310 1360 4364 frdhere
1381 4312 1436 4365 Ab·

258 4406 444 4477 fassungszeit
462 4406 623 4474 beizulegen
641 4411 723 4460 ware.
