2964 4980
626 389 848 450 ...12„.

151 594 221 642 rum
260 575 454 658 sapientium
497 578 688 644 sententias.
751 579 867 658 Itaque
907 579 1122 660 compluribus
1161 581 1323 662 opusculis

151 683 174 748 J
175 684 348 747 udaeorum
371 703 564 764 proavorum
579 686 667 751 vites
691 686 872 751 illustravit
896 705 1100 768 summasque
1115 687 1149 751 in
1164 687 1205 752 iis
1222 688 1324 753 fuisse

151 789 291 854 virtutes
330 792 500 857 ostendere
539 798 674 857 conatus
712 797 772 856 est.
831 793 938 872 Atque
976 799 1013 857 ut
1051 794 1090 858 de
1128 795 1324 878 Abrahamo‚

152 897 276 978 isaaco,
300 897 433 980 dacobo,
458 899 548 964 Mose
583 898 746 981 disseruit,
781 898 830 962 ita
864 898 903 963 de
926 899 1069 980 Josepho
1104 917 1228 982 quoquc
1256 901 1325 983 egit

153 1002 247 1082 quasi
269 1002 339 1068 veri
373 1003 511 1073 hominis
545 1003 672 1086 politici
707 1003 888 1092 specimine
915 1004 998 1070 libro
1033 1005 1088 1085 qui
1118 1006 1324 1072 inscribitur:

151 1112 220 1190 βίος
244 1109 420 1188 πολιτικοῦ,
446 1103 525 1196 ὅπερ
549 1108 618 1174 ἐστὶ
641 1111 717 1196 περὶ
740 1119 795 1173 τοῦ
818 1101 985 1197 tauriani).
1023 1112 1086 1194 Qui
1108 1112 1237 1178 libellus
1254 1132 1325 1178 eam

153 1216 192 1280 de
222 1233 286 1296 qua
317 1216 518 1298 disputamus
546 1237 613 1283 rem
646 1223 783 1299 spectat.
831 1217 1084 1299 inspicientibus
1114 1219 1179 1283 iam
1202 1220 1325 1285 clarum

153 1321 218 1386 erit
240 1322 348 1388 inesse
371 1323 758 1406 Graecorumauotorum
781 1325 936 1390 nonnulla
958 1324 1110 1407 vestigia.

242 1429 413 1495 Politicum
429 1431 521 1496 enim
537 1431 641 1497 virum
666 1432 750 1498 sicut
772 1432 822 1497 illi
837 1451 908 1497 uum
930 1437 1063 1513 pastore
1079 1431 1201 1498 medico
1224 1438 1327 1498 nauta

153 1542 248 1617 patre
272 1542 447 1618 comparat.
497 1536 529 1624 1)
554 1536 607 1623 §1
634 1540 716 1603 med.
764 1537 938 1624 2)§7in.
965 1536 1324 1624 §lafin.§14med.

48 1638 51 1642 “
155 1641 345 1730 aaran
392 1643 603 1731 nsua.

242 1752 310 1816 Nec
334 1751 587 1837 φιλανθρωπίαν
609 1752 860 1834 praetermittit:
893 1751 911 1837 ξ
938 1759 977 1817 18
1002 1752 1044 1817 in.
1070 1759 1104 1818 et
1134 1752 1152 1839 ξ
1176 1759 1219 1818 40
1243 1756 1325 1820 med.

244 1858 413 1924 Consentit
429 1859 544 1924 deinde
560 1879 630 1924 curn
646 1859 882 1940 antiquioribus
895 1859 1000 1926 virum
1014 1860 1148 1926 virtutis
1165 1866 1328 1926 amantem

154 1964 307 2030 libidines
331 1984 492 2047 spernere.

244 2071 263 2157 ξ
289 2079 329 2137 26
353 2074 434 2138 med.
461 2072 627 2160 φιλήδονος
651 2123 658 2136 .
685 2123 691 2136 .
718 2123 724 2136 .
751 2124 758 2136 .
783 2066 898 2158 α’γονος,Ι
923 2122 929 2136 .
956 2123 963 2136 .
1052 2067 1181 2160 ἁπάσης
1205 2066 1328 2160 αρετῆς.

157 2171 327 2265 οὐδὲνγὰρ
351 2173 434 2242 οὕτω
459 2177 574 2266 ἐχθρὸν
597 2166 676 2243 ἄλλο
697 2174 781 2266 ἄλλῳ
806 2174 849 2256 ὡς
871 2173 966 2267 αρετῇ
990 2174 1091 2266 ἡδονή.
1222 2188 1226 2195 ’

245 2287 367 2352 Contra
382 2287 519 2353 Aristot.
545 2287 617 2351 πολ.
634 2289 661 2371 Ι,
680 2295 744 2371 1,2
769 2281 839 2352 ὅσοι
859 2287 917 2369 μὲν
941 2275 995 2351 οὖν
1019 2285 1140 2351 οἴονται
1163 2286 1330 2350 ’πολιτικὸν

157 2394 211 2456 καὶ
239 2392 402 2476 βασιλικὸν
429 2394 483 2456 καὶ
523 2393 721 2475 οἰκονομικὸν
754 2395 808 2457 καὶ
840 2392 1028 2458 δεσποτικὸν
1060 2391 1115 2456 τὸν
1150 2386 1255 2471 αὐτὸν,
1294 2386 1329 2456 οὐ

157 2501 261 2577 καλῶς
283 2502 437 2585 λέγουσιν,
462 2521 533 2568 enm
557 2504 642 2568 Plat.
666 2502 791 2584 politici
814 2522 883 2583 cap.
906 2504 923 2567 I
947 2503 1030 2583 quod
1053 2501 1238 2567 exscribere
1262 2502 1330 2566 lon-

158 2629 233 2692 gum
256 2615 307 2674 est
330 2608 411 2675 facit
426 2616 538 2675 noster
554 2609 573 2695 ξ
590 2617 626 2674 8;
651 2602 692 2674 δι)
706 2603 749 2674 ιῖιν
771 2609 912 2691 μάλιστα
936 2613 1134 2694 παρίστασαι
1157 2607 1211 2672 τὸν
1235 2601 1331 2672 αοίὸν

160 2714 357 2797 οἰκονομικόν
380 2739 415 2779 τε
439 2712 521 2779 εἶναι
544 2717 597 2779 καὶ.
621 2716 797 2780 πολιτικόν.

248 2821 267 2907 ξ
291 2828 332 2886 43
358 2822 509 2903 denique:
538 2820 572 2898 ὃς
601 2821 703 2908 ἔφοροι
734 2822 840 2887 πάντα
870 2823 923 2884 καὶ
955 2821 1086 2885 πάντων
1110 2820 1271 2898 ἐπακούει,
1304 2822 1332 2887 si

159 2934 273 3013 poetas
316 2930 616 3012 praetermittimus,
658 2929 746 3011 sapit
782 2931 866 2995 Xen.
898 2938 934 2991 K.
964 2927 1052 2991 παιὸ.
1084 2930 1175 3011 VIII,
1211 2936 1238 3011 7,
1273 2936 1332 2993 22:

160 3029 256 3101 πάντ’
280 3035 463 3126 ἐφορῶντας
485 3039 540 3102 καὶ
563 3035 670 3101 πάντα
694 3036 889 3117 δυναμένους.

474 3344 524 3409 ΙΙ.
547 3344 599 3410 De
622 3343 734 3408 Ilione
758 3340 1019 3422 chrysostomo.

251 3491 356 3554 Natus
387 3493 439 3553 est
470 3486 542 3570 Dio,
573 3484 755 3550 Pasiuratis
783 3484 877 3567 filius,
894 3483 993 3548 cirea
1023 3483 1161 3547 medium
1197 3481 1335 3562 primum

163 3618 192 3679 p.
218 3599 291 3663 Chr.
318 3595 480 3661 saeculum
504 3595 637 3675 Prusae,
661 3591 837 3673 Bithyniae
861 3591 894 3654 in
918 3588 1042 3670 oppido.
1089 3590 1120 3652 A
1142 3586 1334 3668 parentibus

164 3703 412 3789 diligentissime
436 3704 592 3768 educatus
613 3699 759 3764 omnibus
783 3697 988 3779 antiquorum
1011 3694 1132 3760 litteris
1155 3694 1334 3760 instructus

235 3937 262 4004 *)
282 3935 451 3988 Bibliotheca
474 3947 552 3985 sacra
577 3935 686 3998 patrum
711 3927 841 3981 ecclesiae
864 3927 1036 3980 Graecorum.
1061 3942 1124 3992 pars
1143 3925 1187 3978 H:
1213 3924 1336 3977 Philonis

164 4025 265 4079 Judaei
284 4039 366 4092 opera
385 4021 481 4076 omnia.
518 4020 629 4088 Lipsiae
650 4020 727 4072 1828.
747 4018 799 4071 νοΙ.
818 4017 867 4070 IV.

236 4115 295 4167 Hoc
317 4113 375 4166 loco
401 4109 523 4164 Philonis
546 4126 612 4176 opus
632 4111 694 4179 περὶ
712 4110 864 4178 μοναρχίας
887 4103 1064 4172 compositum
1090 4120 1143 4157 non
1168 4117 1227 4154 esse
1252 4101 1336 4168 respi-

166 4203 290 4257 ciendum
303 4200 478 4265 manifestum
491 4203 542 4264 eet,
563 4198 661 4265 quippe
680 4213 733 4263 quo
752 4195 899 4249 contendat
918 4210 970 4246 non
989 4192 1088 4246 multoe
1107 4192 1169 4244 deos
1189 4189 1337 4243 sedunum

166 4308 233 4347 esse.
257 4292 353 4345 Liceat
371 4296 463 4343 tamen
481 4288 579 4343 afferre
598 4289 641 4357 §1
661 4288 698 4340 in.
717 4291 746 4341 et
765 4287 809 4356 §4
827 4285 865 4339 in.
884 4285 971 4339 Deum
991 4279 1100 4337 πάντων
1114 4281 1218 4352 πατέρα
1237 4278 1337 4344 vocari,

167 4389 196 4438 et
214 4385 229 4455 S
250 4384 264 4434 l
283 4381 329 4436 fin.
347 4382 458 4453 βασιλέα
477 4380 626 4452 βασιλέων.
