2964 4980
626 409 848 470 ..24-

241 603 329 686 Quos
353 621 410 686 per
435 602 600 668 adiutores
623 621 682 666 rex
706 603 936 681 quodammodo
960 602 1203 684 multiplicatur.

150 711 235 775 Xen.
261 718 299 773 K.
325 708 414 774 παιὸ.
432 709 523 792 VIII,
548 715 578 792 2,
605 715 645 774 10
663 707 771 793 (huius
789 709 870 791 disp.
888 728 918 791 p.
940 715 976 774 ll
995 708 1103 796 mel).
1127 710 1218 794 VIII,
1237 718 1266 794 2,
1286 717 1325 776 11

284 812 319 879 ἐκ
337 813 454 878 τούτου
477 813 514 900 δὴ
536 814 591 877 καὶ
614 814 729 878 πολλοὶ
760 811 979 901 ἐνομίσθησαν
1006 817 1162 898 βασιλέως
1194 809 1327 904 ὀφθαλ-

283 922 340 1003 μοὶ
374 920 428 984 καὶ
457 918 561 984 πολλὰ
592 908 658 983 ὦτα
683 970 691 982 .
717 970 724 983 .
751 970 757 983 .
784 912 874 1004 ὀλίγα
902 920 963 1008 γὰρ
991 919 1037 997 εἷς
1066 914 1095 1006 γ’
1120 918 1158 987 ἂν
1181 921 1244 987 ’lior
1272 925 1327 987 καὶ

284 1026 330 1104 είς
352 1020 510 1091 ἅκούσειε.
557 1028 649 1111 VIII,
683 1035 711 1112 2,
746 1034 785 1092 12
815 1021 916 1104 οὕτως
946 1026 983 1117 δὴ
1011 1027 1114 1093 πολλὰ
1143 1028 1202 1111 μὲν
1232 1035 1327 1112 βασι-

286 1136 365 1212 λέως
389 1123 466 1213 ὦτα,
491 1135 605 1198 πολλοὶ
628 1134 661 1199 δὲ
685 1127 856 1222 ὀφθαλμοὶ
880 1133 1071 1216 νομίζονται.
1119 1138 1211 1221 VIII,
1237 1143 1327 1221 6,16

282 1243 439 1325 βασιλέως
463 1233 645 1329 ὀφθαλμός.
1326 1234 1329 1239 ⁴

194 1350 256 1416 Dio
280 1368 309 1432 p.
329 1355 372 1414 54
395 1341 535 1425 ὁπόσους
550 1346 611 1434 γὰρ
627 1342 666 1413 σίν
681 1374 731 1425 τις
746 1338 765 1436 ᾖ
781 1354 968 1436 κεκτημένος
984 1347 1135 1434 ἑταίρους,
1161 1350 1328 1427 τοσούτοις

282 1456 340 1538 μὲν
372 1448 559 1544 ὀφθαλμοῖς
587 1454 607 1519 ἃ
635 1456 782 1540 βούλεται
812 1451 879 1545 ὁρᾷ,
909 1456 1082 1533 τοσαύταις
1109 1456 1150 1521 δὲ·
1170 1449 1282 1533 οἷκοαῑς
1307 1455 1325 1520 ἃ

283 1563 331 1629 δεῖ
359 1556 478 1642 ἀκούει,
511 1564 685 1640 τοσαύταις
713 1565 745 1628 δὲ
774 1564 929 1640 διανοίαις
960 1563 1134 1647 διανοεῖται
1163 1564 1238 1649 περὶ
1262 1573 1327 1627 rom

284 1671 521 1758 σομιμεροντων.
569 1691 598 1754 p.
627 1677 690 1737 134
714 1671 765 1734 διά
790 1695 825 1735 τε
848 1679 912 1735 ἰιῦν
937 1671 1040 1758 (μίλιον
1063 1670 1146 1756 (scil.
1173 1667 1256 1756 ἔστι)
1273 1671 1327 1734 καὶ

282 1777 322 1841 τὰ
346 1776 403 1842 ἐπὶ
425 1786 482 1866 γῆς
505 1783 623 1864 πέρασι
646 1777 841 1842 θεάσασθαι
866 1829 872 1840 .
899 1828 906 1840 .
933 1828 939 1840 .
964 1776 1016 1840 διαί
1041 1801 1076 1842 τε
1105 1785 1169 1841 τιῦν
1200 1769 1327 1841 σι’·νούν-

283 1909 347 1949 τιον
386 1877 511 1961 οὐδενὸς
548 1893 613 1949 τιῦν
643 1877 823 1969 ἄναγκαίιον
853 1877 1049 1972 ὁποιδήποτε
1076 1876 1210 1970 α’νήκοός
1245 1881 1326 1947 ἐστι.

283 2011 313 2074 p.
342 1999 403 2057 138
427 1993 470 2057 in.
496 2000 552 2056 τοῦ
576 1984 705 2076 opauco
728 1992 884 2075 βασιλέως
914 1990 943 2055 οἱ
973 1992 1064 2079 (μέλοι
1093 1989 1213 2066 πάντες
1244 1989 1328 2054 εἰσὶν

284 2091 464 2186 ὀφθαλμοί.
492 2100 556 2166 vol.
574 2101 618 2183 H,
634 2119 664 2182 p.
684 2106 748 2165 300
764 2100 817 2164 fin.
844 2087 910 2161 ὦτα
934 2099 1090 2181 βασιλέως
1105 2099 1326 2178 καλουμένους.

195 2206 235 2271 cf.
260 2206 360 2271 etiam
381 2206 519 2272 Aristot.
545 2206 618 2269 πολ.
643 2207 704 2288 ΙΠ,
730 2214 759 2288 6,
786 2212 825 2270 19
851 2204 959 2290 (huius
985 2206 1067 2288 disp.
1093 2225 1123 2288 p.
1152 2211 1189 2269 11
1217 2206 1326 2290 med.).

240 2331 499 2395 Consentaneum
522 2329 587 2395 iam
611 2335 663 2395 est
685 2331 743 2395 hos
768 2329 888 2395 amicos
913 2350 932 2394 a
955 2349 1033 2411 rege
1055 2328 1169 2412 amari,
1193 2328 1226 2394 id
1242 2330 1327 2410 quod

121 2519 123 2525 Α
151 2444 228 2503 ante
252 2437 479 2520 spectavimus,
503 2436 651 2518 omnique
675 2438 765 2502 modo
790 2437 913 2519 augeri,
938 2436 1088 2519 quoniam
1117 2455 1187 2501 cum
1211 2435 1327 2501 amicis

146 2564 204 2611 res
228 2544 466 2610 communicans
491 2563 525 2609 se
549 2544 654 2625 ipsum
677 2544 827 2609 ditiorem
851 2564 910 2608 rex
932 2543 1050 2608 reddit.

150 2671 234 2735 Xen.
260 2678 297 2732 K.
315 2667 403 2732 παιδ.
427 2670 565 2752 Vnus,
586 2675 624 2733 19
650 2667 711 2752 ἕνα)
736 2668 766 2731 δὲ
791 2667 866 2745 τοὺς
891 2669 1004 2756 φίλους
1027 2668 1199 2742 πλονσίοος
1222 2675 1328 2731 ποιῶν

283 2774 416 2850 τούτους
429 2798 487 2856 μοι
503 2773 622 2856 νομίζω
647 2775 828 2861 θησαυροὺς
851 2776 905 2838 καί
929 2773 1082 2861 (μίλακος.
1128 2766 1194 2858 Ἱέρ.
1215 2779 1328 2857 11,14

283 2880 434 2960 πλούτιζε
456 2880 514 2964 μὲν
537 2880 612 2958 τοὺς
636 2883 758 2969 φίλους.
784 2880 900 2946 σαυτὸν
924 2881 984 2967 γὰρ
1007 2882 1179 2956 πλουτιεῑς.

194 2990 256 3056 Dio
285 3011 316 3072 p.
350 2996 411 3056 135
441 2991 522 3055 med.
553 2988 708 3065 πολλάκις
740 2985 779 3053 ἂν
809 2988 857 3077 εἴη
892 2988 1047 3064 πλούσιος
1075 2980 1093 3051 ὃ
1119 2999 1188 3063 τοῖς
1218 2987 1328 3074 φίλοις

282 3094 470 3178 μεταδιδοὺς
493 3104 557 3161 τῶν
580 3095 748 3182 παρόντων
773 3147 779 3159 .
807 3148 813 3160 .
840 3148 846 3160 .
873 3090 917 3173 ὡς
940 3088 1035 3172 οὗτος
1057 3093 1228 3176 κτώμενος.

240 3204 356 3270 Finem
380 3203 482 3270 faciat
505 3205 589 3269 Xen.
615 3213 652 3267 K.
678 3203 766 3268 παιὸ.
792 3206 883 3288 VIII,
911 3211 938 3288 l,
964 3209 1015 3287 34,
1046 3201 1103 3268 ubi
1125 3201 1248 3284 legitur
1271 3203 1327 3267 ho-

150 3313 252 3378 mines
276 3311 453 3377 bestiarum
467 3311 694 3376 venatIonibus
718 3312 837 3392 optIme
861 3314 903 3378 ad
919 3313 1062 3393 gerenda
1077 3309 1165 3375 bella
1181 3310 1328 3374 exerceri

151 3425 185 3484 et
209 3419 321 3502 excoli,
345 3420 429 3499 quod
452 3418 537 3483 idem
560 3418 709 3484 invenias
734 3421 819 3500 apud
843 3419 980 3484 Dionem
1004 3439 1033 3498 p.
1062 3423 1134 3482 142.

240 3526 362 3609 Quibus
386 3525 466 3590 locis
490 3525 603 3589 allatis
627 3525 710 3590 satis
729 3527 899 3606 probatum
924 3544 996 3590 esse
1012 3524 1163 3590 exiSIImo
1179 3522 1327 3608 Dionem,

151 3653 222 3699 cum
258 3634 297 3697 de
331 3652 431 3714 regno
468 3631 635 3713 scriberet,
672 3631 737 3696 etsi
771 3639 897 3697 ceteros
927 3652 990 3697 non
1013 3632 1110 3713 plane
1133 3630 1327 3714 neglexerit,

150 3739 323 3822 praecipue
347 3744 423 3804 ante
447 3739 554 3805 oculos
578 3738 732 3805 habuisse
755 3739 1011 3820 Xenophontem.
1060 3738 1150 3821 Quae
1173 3757 1227 3802 res
1245 3757 1327 3823 ,num

151 3848 193 3913 ad
215 3847 341 3928 reliqua
376 3863 500 3929 quoque
529 3845 752 3927 Chrysostomi
787 3845 911 3926 scripta
938 3845 1060 3928 valeat,
1094 3845 1147 3910 hic
1181 3863 1246 3909 non
1275 3850 1327 3910 est

150 3956 239 4020 locus
262 3953 438 4035 inquirere3
462 3952 546 4018 alius
570 3951 709 4018 forsitan
734 3951 888 4017 discutiet
911 3955 945 4016 et
968 3951 1168 4033 explanabit.
