2964 4980
571 274 794 340 ..md

229 468 346 559 μικροίν
369 497 440 536 τινα
470 463 567 565 οἷρχὴν
598 467 732 553 ίχύνταιν
760 461 866 554 δλίγος
893 462 910 534 δ
934 470 1055 551 δαίμων
1088 471 1142 534 καὶ
1171 464 1270 555 μόνου

229 589 286 645 τοῦ
310 578 443 662 ἔχοντος·
469 573 532 665 ὅτῳ
556 578 589 643 δὲ
612 579 826 665 παμπληθεῖς
848 578 906 660 μὲν
929 571 1118 643 ὑπακούωσι
1148 579 1268 659 πόλεις,
1294 623 1296 627 ⁷

231 687 409 769 πάμπολλα
437 687 469 750 δὲ
493 684 573 773 1ε’θνρ
602 692 798 772 κυβερνᾶται,
827 736 834 749 .
861 736 867 748 .
895 736 901 748 .
928 736 934 749 .
960 685 1091 751 πάντων
1118 686 1151 751 δὲ
1179 677 1271 764 οὗτος

229 786 417 880 ύνθραίπαιν
446 797 568 878 γίνεται
596 792 701 879 σωτὴρ
732 794 785 857 καὶ
811 792 923 880 φύλαξ,
948 786 1049 879 ύνπερ
1072 782 1091 880 ᾖ
1114 803 1268 870 τοιοῦτος.

141 904 240 968 Isocr.
266 900 347 987 πρὸς
371 911 443 966 Νικ.
472 908 510 967 16
536 922 553 967 ο
577 900 606 963 oi
630 901 688 982 μὲν
716 899 776 985 γὰρ
804 898 877 976 τοὺς
905 899 1035 977 ἰδιώτας
1066 901 1271 978 παιδεύοντες

231 1007 367 1085 ἐκείνους
389 1008 485 1090 μόνον
509 1001 701 1095 ὠφελοῦσιν.
727 1007 755 1071 εί
776 1008 808 1072 δέ
832 1033 882 1084 τις
904 1007 978 1084 τοὺς
1000 1017 1192 1093 κρατοῖντας
1215 1017 1271 1072 τοῦ

230 1115 377 1202 πλήθους
402 1109 453 1180 ἐπ)
478 1108 591 1202 ύρετὴν
614 1120 837 1201 προτρέψειεν,
861 1107 1063 1202 α’μφοτέροος
1086 1111 1125 1179 δν
1149 1108 1271 1201 ὀνήσειε

229 1225 283 1287 καὶ
311 1222 385 1299 τοὺς
416 1221 474 1299 τὰς
502 1223 686 1298 δυναστείας
716 1220 849 1305 ἔχοντας
876 1223 929 1285 καί
964 1221 1037 1298 τοὺς
1073 1215 1130 1287 ύπ)
1160 1216 1271 1299 αύταῖςΙ

231 1324 333 1407 ὄντας.

186 1439 371 1519 Sequantnr
394 1437 522 1519 quidam
547 1437 618 1519 loci,
643 1438 697 1519 qui
721 1443 755 1502 et
771 1439 1017 1520 Xenophontem
1041 1443 1075 1503 et
1092 1440 1271 1504 Isocratem

95 1547 237 1629 sapiant.
855 1611 857 1615 .

186 1653 248 1736 Qui
271 1652 384 1718 volunt
407 1658 543 1733 uterque
560 1651 680 1717 amicos
701 1652 790 1734 regis
813 1652 991 1735 participes
1016 1671 1089 1718 esse
1113 1653 1271 1734 regnandi

93 1760 250 1841 laborum,
275 1758 308 1823 id
333 1760 415 1838 quod
439 1759 502 1824 Dio
528 1759 700 1824 consentit.

95 1885 181 1949 Xen.
207 1893 243 1947 K.
261 1886 350 1950 παιδ.
376 1886 450 1967 VII,
473 1891 501 1968 5,
520 1890 560 1948 55
586 1877 699 1958 ὅπως.
726 1933 733 1945 .
756 1893 959 1964 συμπονεῖν.
987 1934 993 1946 .
1019 1876 1093 1970 ἡμῖν
1118 1881 1272 1948 ἐθέλοιεν.

229 1994 303 2077 VH,
322 2001 350 2077 5,
369 2000 408 2059 71
434 1991 581 2056 κοινωνοὶ
605 1988 687 2055 εἶναι
711 1991 764 2054 καί
788 1991 896 2055 πόνων
919 1992 973 2055 καί
996 1983 1143 2075 ύγαθιῦν.
1180 1992 1271 2075 VHI,

232 2106 320 2185 7,14
344 2098 554 2187 συμφύλακας
576 2107 632 2184 τῆς
654 2098 827 2181 βασιλείας.
863 2098 955 2183 VHI,
975 2105 1003 2184 1,
1021 2105 1039 2163 9
1064 2097 1273 2185 συμφύλακας

230 2215 287 2295 τῆς
313 2198 525 2288 εύδαιμονίας.

140 2313 240 2378 Isoor.
266 2312 348 2398 πρὸς
371 2320 445 2377 Νικ.
465 2316 543 2378 201)
569 2312 681 2399 φίλους
705 2319 772 2375 κτοῖ
797 2362 803 2374 .
830 2361 836 2374 .
863 2361 881 2389 .,
905 2302 984 2392 μεθ’
1009 2300 1053 2375 ὧν
1076 2305 1193 2397 δριστα
1217 2311 1272 2399 τὴν

231 2418 326 2484 πόλιν
349 2418 530 2506 διοικήσεις.

140 2525 203 2591 Dio
232 2546 262 2609 p.
294 2532 358 2592 104
384 2527 438 2592 fin.
475 2535 649 2607 συμπονεῖν
680 2522 814 2590 ἐθέλειν.
869 2544 898 2607 p.
935 2531 997 2591 130
1020 2525 1073 2588 καὶ
1098 2523 1154 2614 τὴν
1176 2517 1273 2614 ύρχὴν

230 2634 493 2710 συνδιοικοῦντας.

185 2741 370 2806 Posteriore
382 2740 518 2806 Dionem
531 2741 601 2806 loeo
613 2740 744 2823 propius
758 2741 799 2805 ad
811 2740 990 2804 Isocratem
1003 2742 1157 2805 aooedere
1169 2739 1271 2806 vides

108 2839 110 2842 ’
186 2847 402 2912 Consentiunt
418 2848 534 2913 deinde
552 2846 730 2913 amicitiam
755 2865 909 2911 summum
933 2849 1050 2912 bonnm
1074 2845 1163 2928 regis
1188 2865 1270 2911 esse.

91 2972 181 3035 Xen.
205 2961 268 3051 Ἱέρ.
295 2977 324 3054 3,
350 2978 368 3037 3
394 2965 445 3035 ὅτι
468 2963 487 3057 ἡ
512 2971 605 3057 φιλία
633 2974 784 3053 μέγιστον
815 2960 945 3052 ύγαθδν
975 2970 1029 3032 καὶ
1060 2963 1186 3056 ἥδιστον
1215 2961 1272 3033 ύν-

230 3075 382 3160 θρώποις
406 3074 484 3141 ἐστί.
533 3083 562 3159 3,
581 3083 599 3142 5
623 3084 775 3139 τοσοῦτον
799 3075 879 3138 δέτι
902 3066 1031 3158 ύγαθδν
1054 3079 1150 3159 κρίνω
1174 3072 1273 3158 ἔγωγε

230 3181 267 3245 τὸ
300 3183 474 3270 φιλεῖσθαι
508 3181 599 3247 εἶναι.
658 3191 694 3245 K.
724 3180 812 3245 παιδ.
845 3181 919 3264 VH,
947 3187 974 3263 1,
1005 3187 1046 3245 38
1077 3175 1153 3244 ὅσου
1185 3173 1274 3257 ἄξιον

231 3286 279 3375 ε’ίρ
302 3287 339 3352 τδ
364 3290 537 3376 φιλεῖσθαι
561 3282 696 3374 α’ρχοντα
720 3281 785 3352 δπδ
808 3296 873 3350 τῶν
895 3288 971 3372 περὶ
995 3279 1100 3351 αύτύν.

140 3396 242 3460 Isocr.
267 3393 348 3480 πρὸς
371 3405 443 3461 Νικ.
470 3403 510 3461 25
535 3399 555 3462 b
588 3390 640 3459 δτιΙ
666 3389 843 3476 σύμβουλος
874 3385 1001 3478 ύγαθδς
1031 3393 1273 3480 χρησιμώτατον

231 3502 284 3564 καὶ
308 3501 577 3587 τυραννικιύτατον
601 3494 754 3565 δποίντιον
777 3509 842 3565 τιῦν
865 3499 1034 3587 κτημάτων
1058 3498 1153 3564 ἐστί.

141 3608 205 3674 Dio
228 3627 258 3690 p.
285 3614 327 3672 54
349 3608 392 3674 in.
440 3617 496 3672 τοῦ
531 3609 700 3671 καλλίστου
735 3607 789 3670 καὶ
825 3599 1080 3693 ιύφελιμωτύτου
1115 3605 1273 3691 κτήματος

235 3715 355 3802 φιλίας.
409 3734 439 3798 p.
467 3721 528 3780 129
553 3715 606 3779 fin.
634 3715 744 3800 φιλίαν
774 3737 809 3798 γε
839 3711 899 3798 μὴν
930 3712 1091 3794 νενόμικεν
1119 3704 1273 3777 ἁπάντων

231 3829 295 3885 τιῦν
311 3814 408 3885 αὑτοῦ
423 3820 592 3908 κτρμσίτισν
608 3820 777 3884 κάλλιστον
793 3820 846 3882 καὶ
864 3818 1044 3903 ἱερώτατον.
1092 3819 1133 3884 cf.
1158 3838 1188 3901 p.
1208 3826 1269 3883 217

231 3930 312 3994 med.
339 3926 448 4013 (huius
471 3929 552 4010 disp.
577 3947 607 4010 p.
637 3934 676 3993 15
701 3926 771 4014 fin.)

188 4037 335 4101 Honoret
359 4042 466 4102 autem
490 4042 524 4101 et
547 4041 634 4101 amet
657 4055 716 4099 rex
739 4038 849 4100 bonos.

90 4145 181 4210 Xen.
206 4134 270 4227 Ἱέρ.
296 4149 325 4226 9,
352 4148 392 4208 10
417 4135 433 4206 δ
456 4133 585 4225 α’γαθύν
607 4166 639 4205 τι
663 4139 886 4227 εἰσηγούμενος
910 4131 966 4203 ούκ
988 4131 1142 4225 ύτίμητος
1171 4135 1271 4202 ἔσται.

233 4257 271 4312 K.
296 4248 385 4313 παιδ.
410 4251 454 4332 ΙΙ,
480 4255 509 4332 3,
536 4254 575 4313 12
605 4239 751 4332 δγαθοδς
781 4247 886 4333 φιλεῖν
917 4236 1004 4310 οὐδὲν
1027 4236 1120 4332 ἧττον
1148 4242 1271 4308 ἑαυτοῦ.

1112 4352 1130 4403 2
