2964 4980
530 367 752 427 ..53.-

188 556 316 621 δύναιτο
359 554 539 638 βασιλεύειν
584 555 747 641 μυριάδων
792 547 1025 641 άναριθμήτων
1066 567 1229 640 πανταχοῦ

189 665 445 749 διοσπαρμένωνς

53 774 134 854 Syn.
160 792 229 854 cap.
257 774 322 837 61)
345 771 501 853 βασιλέως
523 775 581 851 μέν
605 768 673 835 ἐστι
697 769 817 856 τρόπος
841 763 858 832 δ
886 769 991 852 νόμος,
1022 771 1173 856 τοράννοο
1197 771 1230 835 δὲ

190 872 207 940 ὃ
230 877 349 963 τρόπος
371 876 477 958 νόμος.

100 986 162 1051 Dio
186 1005 215 1067 p.
244 990 306 1049 114
330 977 347 1047 δ
370 984 402 1047 δὲ
426 982 522 1065 νόμος
543 985 700 1066 βασιλέως
724 984 842 1069 δόγμα·
868 978 885 1048 ὁ
908 984 941 1048 δὲ
964 984 1114 1070 τύραννος
1137 978 1230 1071 καὶὴ

190 1092 334 1178 τυραννὶς
362 1088 501 1154 ἐναντίον
530 1090 657 1167 τούτοις
687 1096 792 1174 βίαιον
820 1093 873 1156 καί
908 1088 1095 1177 παράνομος
1120 1101 1231 1179 χρῆσις

190 1191 387 1284 άνίλριάπων,

101 1309 201 1373 Paulo
225 1306 351 1388 longius
376 1308 472 1372 abest
495 1326 515 1370 a
537 1305 673 1387 Synesio
698 1307 782 1371 Xen.
808 1314 845 1369 K.
865 1305 954 1368 παιδ.
971 1306 997 1388 I,
1016 1312 1045 1388 3,
1066 1311 1105 1370 18
1123 1304 1230 1389 (huius

191 1414 272 1495 disp.
298 1432 328 1495 p.
355 1420 395 1477 23
419 1412 489 1498 in).

147 1521 274 1585 Minora
298 1522 456 1602 quaedam
481 1540 596 1602 agmen
620 1521 782 1585 claudant.

55 1630 135 1710 Syn.
161 1647 230 1710 cap.
257 1634 297 1692 28
321 1628 375 1692 fin.
412 1619 456 1702 ιδς
490 1624 559 1690 ἔστι
593 1625 696 1712 δήποτ
730 1625 852 1702 παντὸς
886 1625 1074 1710 σεμνότερον
1109 1629 1230 1706 θέαμα,

191 1754 260 1817 cap.
289 1736 369 1800 100
393 1725 462 1797 ἄλλ’
486 1727 683 1818 ὑπίρσεμνον
707 1738 828 1814 θέαμα.

102 1842 164 1907 Diu
187 1860 217 1923 p.
233 1848 273 1906 55
299 1845 331 1904 τί
353 1840 411 1922 μὲν
434 1839 494 1926 γὰρ
517 1839 706 1926 σεμνότερον
729 1845 856 1922 θέαμας

56 1951 137 2031 Syn.
162 1968 231 2031 dap.
259 1950 343 2014 30ss
368 1947 583 2024 δικαιοτάτοις
606 1971 641 2011 τι·
664 1948 718 2011 καὶ
741 1939 897 2033 άρίστοις.

103 2056 164 2120 Diu
188 2075 218 2138 p.
243 2061 285 2120 49
311 2054 527 2131 δικαιοτάτοις
549 2079 584 2118 τε
607 2055 661 2118 καὶ
688 2047 843 2140 άρίστοις.

58 2165 137 2245 Syn.
163 2182 232 2244 cap.
260 2164 346 2227 28A
369 2161 517 2244 βασιλεὺς
540 2154 819 2247 δ’ὲρασιχρήματος
843 2161 977 2242 αἰσχίων
1000 2160 1153 2245 καπήλου.

104 2269 164 2334 Dio
189 2288 218 2350 p.
247 2275 305 2333 171
344 2264 362 2331 ί
399 2261 434 2331 οδ
469 2267 607 2344 πολλοὺς
641 2276 705 2332 τιῦν
736 2269 936 2349 καλουμένων
968 2268 1124 2350 βασιλέοιν
1155 2265 1233 2329 ἰδεῖν

194 2373 262 2438 ἐστι
285 2374 460 2461 καπήλουςς

61 2483 140 2563 Syll.
166 2501 235 2564 dap.
263 2484 325 2547 3ss
350 2477 425 2545 ὅταν
449 2480 588 2566 ίπιγνιμς
611 2506 643 2545 τι
667 2490 836 2567 προσῆκον.

105 2589 168 2654 Dio
192 2608 222 2670 p.
249 2597 289 2654 55
313 2591 366 2654 fin.
391 2588 513 2652 τούτων
537 2588 569 2652 δὲ
593 2586 624 2652 τί
645 2613 677 2652 τι
703 2593 853 2675 φαίνεται
877 2587 1049 2672 προσήκειν
1073 2607 1133 2650 σοι.
1239 2624 1240 2627 ¹

60 2698 138 2778 Syn.
165 2715 234 2778 dap.
262 2698 320 2761 id
344 2688 528 2781 άρρενωπὸς
551 2697 604 2759 καὶ
628 2694 751 2777 σεμνάς.

107 2802 169 2867 Dio
194 2822 222 2884 p.
252 2811 311 2868 176
336 2805 388 2868 fin.
414 2794 600 2889 άρρενωπὸς
622 2803 675 2866 καὶ
700 2801 823 2883 σεμνός.

62 2913 141 2993 Syn.
167 2931 236 2991 cap.
264 2918 303 2974 28
320 2912 350 2974 A
373 2919 419 2995 τῴ
443 2910 475 2973 δὲ·
499 2903 748 2997 άπροιμάσιστος
771 2902 790 2993 ἡ
814 2914 909 2973 κακία
932 2917 988 2994 τῆς
1011 2906 1145 2993 γνώμης.

107 3017 168 3082 Dio
193 3036 222 3098 p.
251 3023 312 3081 172
337 3017 391 3078 καί
414 3009 663 3102 άπροτμάσιστον
687 3013 769 3080 εἶναι
792 3015 846 3081 τὸν
869 3017 1017 3080 πλοῦτον.

108 3126 208 3189 Paulo
246 3123 310 3188 alio
348 3142 470 3187 conexu
506 3124 590 3187 hane
617 3143 727 3190 vocem
757 3122 906 3188 adhibuit
935 3123 1017 3186 Xen.
1034 3112 1135 3206 f'lyqu.
1163 3124 1237 3201 6,4

198 3229 336 3316 ἑταίροις
370 3230 402 3293 δὲ
438 3228 609 3314 πρόδομος
641 3225 684 3294 ὢν
715 3223 983 3316 άπροφασίστοος
1018 3226 1092 3304 τοὺς
1124 3214 1248 3312 φίλους

199 3336 353 3423 ἐκέκτητο.

64 3449 142 3529 Syn.
168 3466 237 3526 cap.
267 3452 303 3509 11
323 3447 347 3510 O
372 3437 570 3529 εὐγνώμονος
592 3443 625 3508 δὲ·
648 3445 813 3526 βασιλέως.

108 3554 170 3617 pio
195 3572 223 3634 p.
253 3559 314 3617 112
338 3553 390 3617 fin.
417 3551 446 3616 εί
469 3552 526 3633 μὲν
550 3549 611 3637 γάρ
638 3543 818 3635 εὐγνώμων.

65 3662 143 3743 Syn.
170 3680 238 3742 eap.
266 3668 306 3724 28
323 3662 364 3738 A1
393 3657 652 3745 ἐρασιχρίματος.

109 3768 171 3832 Dio
190 3786 216 3848 p.
237 3773 278 3830 64
294 3767 346 3831 fin.
372 3765 512 3830 πλούτου
526 3763 649 3851 ἒριῦσιν.
675 3786 704 3848 p.
726 3773 786 3830 113
805 3763 1050 3852 φιλοχρήματος.
1075 3783 1105 3845 p.
1124 3769 1165 3826 50
1181 3762 1234 3826 fin.

157 3891 330 3956 Veniamus
366 3910 485 3971 quaeso
520 3894 562 3957 ad
597 3911 652 3956 eos
687 3892 783 3974 locos,
820 3910 897 3971 quos
925 3909 996 3955 uum
1020 3887 1235 3970 compluribus

67 4000 192 4082 pariter
215 3997 394 4062 eommunia
418 3999 572 4063 exhibeat
595 4005 715 4063 noster.

68 4125 145 4206 Syn.
179 4142 247 4204 cap.
275 4129 316 4186 30
341 4123 367 4184 Β
400 4121 573 4202 διανεμέτω
610 4121 665 4206 τὴν
693 4114 790 4206 άρχὴν
821 4113 865 4196 ὡς
895 4119 1025 4184 δυνατὸν
1049 4116 1239 4193 ἐπιστάταις

202 4226 416 4303 δικαιοτάτοις
439 4251 474 4291 τε
497 4229 551 4291 καὶ
573 4221 718 4313 άρίστοις
743 4278 749 4290 .
776 4277 782 4290 .
809 4277 816 4289 .
843 4277 850 4290 .
875 4219 1055 4312 άριστίνδρν
1080 4213 1133 4288 οὖν
1157 4215 1236 4287 άλλά

201 4336 244 4425 μὴ
268 4334 456 4423 πλουτίνδην
480 4326 498 4420 ἡ
520 4343 585 4399 των
608 4327 767 4420 άρξόντων
790 4332 912 4418 αἵρεσις
936 4336 1089 4420 γινέσθω.
