2964 4980
220 1484 343 1585 Virtus
377 1517 540 1582 hominum
573 1518 804 1598 rempublicam
843 1517 1026 1600 gerentium
1065 1522 1099 1582 et
1139 1515 1322 1599 regentium

151 1626 255 1707 qualis
279 1645 352 1691 esse
376 1627 502 1707 debeat,
527 1645 548 1690 a
563 1624 729 1691 veteribus
746 1624 959 1705 scriptoribus
975 1624 1144 1690 voluntate
1161 1643 1200 1689 ac
1216 1623 1322 1689 studio

148 1732 293 1798 videmus
318 1751 510 1812 perpensum
534 1737 568 1796 et
583 1731 763 1796 discussum
787 1750 869 1796 esse.
895 1731 1036 1813 Quorum
1059 1731 1210 1812 princeps
1226 1731 1322 1795 Plato

148 1879 192 1885 —
216 1860 289 1904 narn
317 1839 373 1904 vix
400 1837 638 1919 respexerimus
662 1838 818 1903 Phaleam
842 1837 1091 1903 chalcedonium
1120 1842 1177 1902 aut
1200 1837 1322 1917 Hippo-

149 1947 276 2011 damum
301 1945 461 2011 Milesium
489 1944 661 2026 perpaucis
688 1945 798 2010 verbis
826 1947 867 2010 ab
891 1943 1107 2030 Aristotele*)
1137 1962 1322 2009 commemo·

149 2056 250 2134 ratos,
267 2052 384 2133 quippe
400 2054 439 2118 de
456 2051 572 2134 quibus
588 2058 761 2132 praeterea
775 2051 857 2116 nihil
873 2056 1001 2116 constet
1013 2056 1137 2117 —tres
1154 2053 1193 2117 de
1209 2052 1271 2116 hac
1286 2069 1323 2116 re

78 2198 82 2204 ·
148 2159 250 2224 libros
280 2159 458 2238 composuit
481 2155 657 2234 πολιτικόν,
690 2157 766 2242 περὶ
789 2157 965 2234 πολιτείας,
994 2155 1110 2238 νόμους
1136 2157 1321 2239 inscriptos

149 2266 203 2328 Ex
232 2265 422 2347 aequalibus
454 2264 522 2329 eius
551 2263 626 2329 huic
653 2263 703 2329 rei
734 2283 864 2344 operam
893 2266 1052 2329 dederunt
1081 2264 1261 2345 Xenophon
1289 2268 1323 2328 et

149 2372 324 2454 Isocrateo,
349 2389 481 2452 quorum
505 2389 604 2452 opera
629 2370 713 2436 sicut
735 2370 906 2436 Platonica
936 2370 1002 2435 iarn
1025 2375 1167 2435 exstant.
1214 2370 1322 2450 Atque

150 2476 283 2558 scripsit
310 2477 365 2542 ille
396 2477 524 2559 quidem
552 2475 655 2561 Κύρου
684 2476 842 2553 παιδείαν,
864 2468 1054 2562 Ἀγησίλαον,
1085 2468 1215 2560 Ἱέρωνα,
1247 2475 1323 2561 περὶ

151 2583 411 2664 Λακεδαιμονίων
423 2584 598 2660 πολιτείας,
616 2583 847 2660 hiericonteo,
864 2580 945 2668 πρὸς
960 2583 1128 2660 Νικοκλέα,
1145 2575 1322 2668 Εὐαγόραν.

150 2691 219 2755 Νοα
234 2690 447 2755 Antisthenes
471 2691 554 2756 hanc
570 2690 790 2771 quaestionem
807 2709 870 2755 non
887 2690 978 2773 adiit,
995 2708 1089 2771 quem
1104 2699 1207 2776 Κορον
1223 2691 1323 2757 dialo-

150 2815 227 2878 gum
242 2796 418 2861 confecisse
435 2798 578 2862 tradunt.
615 2797 701 2880 Quos
725 2796 783 2862 alii
806 2797 909 2862 secuti
933 2803 1009 2862 sunt
1024 2797 1126 2863 multi.
1161 2797 1324 2879 Imprimis

151 2902 363 2967 nominandus
379 2908 432 2968 est
446 2903 653 2986 Aristoteles,
678 2903 767 2968 cuius
784 2901 949 2979 πολιτικὸς
972 2909 1007 2968 et
1021 2903 1184 2968 πολιτεῖαι
1202 2903 1324 2969 amissa

152 3013 237 3092 sunt,
267 3014 401 3074 servata
431 3009 593 3087 πολιτικοί,
624 3010 757 3093 eiusque
788 3010 964 3092 discipulus
992 3012 1246 3094 Theophrastus
1270 3011 1325 3092 qui

151 3116 367 3197 compluribus
392 3115 550 3198 operibus.
565 3117 599 3180 in
622 3118 707 3182 hanc
730 3136 798 3182 rem
813 3116 985 3199 inquisivit
1006 3122 1185 3198 temporum
1207 3117 1324 3200 iniqui-

151 3228 224 3288 tate
247 3223 425 3304 deperditis
455 3223 611 3290 omnihus.
636 3224 862 3290 Inscribuntur
885 3228 993 3289 autem
1016 3223 1092 3309 περὶ
1115 3233 1171 3311 τῆς
1194 3217 1325 3312 α’ρίστης

152 3329 327 3406 πολιτείας,
352 3329 428 3414 περὶ
450 3331 622 3412 βασιλείας,
648 3328 809 3408 πολιτικά,
834 3328 984 3393 πολιτικὰ
1009 3327 1080 3416 ἕδη,
1110 3328 1261 3394 πολιτικὰ
1278 3328 1324 3409 Ιτὰ

152 3432 234 3520 πρὸς
257 3434 329 3511 τοὺς
352 3435 489 3521 καιρούς,
514 3441 701 3518 νομοθέται,
726 3435 827 3517 νόμοι.
859 3437 909 3502 Ac
923 3456 964 3502 ne
980 3456 1035 3502 eos
1052 3438 1180 3520 quidem
1195 3437 1326 3502 fortuna

153 3543 280 3608 servari
308 3543 419 3626 voluit,
450 3543 503 3624 qui
535 3545 647 3609 eadem
675 3543 744 3608 fere
778 3550 888 3609 aetate
916 3551 974 3609 aut
1001 3544 1097 3625 paulo
1125 3550 1199 3624 post
1223 3544 1325 3608 Theo-

225 3807 252 3876 *)
271 3806 356 3861 Arist.
376 3812 433 3863 πολ.
454 3809 495 3862 ed.
514 3808 657 3862 Susemihli
675 3809 712 3875 H,
732 3811 756 3875 7,
776 3811 790 3862 1
812 3811 864 3862 εἰσὶ
883 3810 913 3863 δέ
931 3827 1005 3868 τινες
1024 3811 1161 3862 πολιτεῖαι
1181 3809 1227 3861 καί
1246 3806 1325 3860 ἄλλοι

153 3899 182 3949 αἱ
201 3895 255 3966 μὲν
273 3893 429 3965 φιλοσόφων
455 3900 501 3951 καί
526 3899 647 3964 ἰδιωτῶν,
673 3902 701 3952 αἱ
725 3898 754 3952 δὲ
777 3901 933 3964 πολιτικῶν,
957 3903 1041 3951 πᾶσαι
1065 3896 1094 3950 δὲ
1118 3902 1172 3950 τῶν
1191 3905 1326 3966 καθεστη-

153 3991 240 4038 κυιῶν
259 3987 306 4038 καί
325 3977 391 4039 καθ’
411 3984 443 4046 δς
461 3983 654 4041 πολιτεύονται
675 3994 726 4041 νῦν
746 3982 897 4058 ἐγγύτερόν
917 3988 968 4040 είσι
989 3981 1091 4040 τούτων
1111 3975 1298 4056 ἀμφοτέρων.
1319 4025 1325 4037 .

153 4070 196 4126 διδ
221 4074 363 4134 Φαλέαςὸ
390 4072 580 4147 Χαλκηδόνιος
605 4067 678 4130 τοῦτ’
703 4072 846 4147 εἰσήνεγκε
869 4081 982 4146 πρῶτος.
1020 4075 1085 4146 φησί
1110 4070 1164 4144 γὰρ
1190 4075 1249 4126 δεῖν
1267 4076 1327 4132 ἴσας

155 4160 229 4215 εἶναι
249 4159 297 4222 τὰς
316 4159 424 4230 κτήσεις
444 4171 496 4217 τῶν
515 4168 639 4219 πολιτῶν.
661 4169 689 4218 et
702 4165 738 4230 Π,
758 4166 782 4230 8,
803 4165 817 4216 1
837 4160 1000 4235 Ἱππόδαμος
1019 4163 1049 4217 δὲ
1068 4153 1254 4233 Εὗροφῶντος
1273 4163 1326 4215 Μι-

153 4244 247 4320 λήσιος
265 4293 271 4304 .
291 4293 297 4304 .
318 4294 323 4304 .
343 4258 449 4323 πρῶτος
474 4259 526 4307 τῶν
550 4250 590 4324 μὴ
616 4255 838 4324 πολιτευομένων
863 4251 1021 4331 ἐνεχείρησέ
1042 4271 1069 4306 τι
1092 4252 1158 4329 περὶ
1187 4251 1327 4317 πολιτείας

155 4340 246 4400 εἰπεῖν
266 4346 313 4407 τῆς
331 4331 448 4420 δρίστης.
