<?xml version="1.0" encoding="UTF-8"?>
<!DOCTYPE html PUBLIC "-//W3C//DTD XHTML 1.0 Transitional//EN"
    "http://www.w3.org/TR/xhtml1/DTD/xhtml1-transitional.dtd">
<html xmlns="http://www.w3.org/1999/xhtml" xml:lang="en" lang="en">
 <head>
  <title>
</title>
<meta http-equiv="Content-Type" content="text/html;charset=utf-8" />
  <meta name='ocr-system' content='tesseract 3.04.00' />
  <meta name='ocr-capabilities' content='ocr_page ocr_carea ocr_par ocr_line ocrx_word'/>
</head>
<body>
  <div class='ocr_page' id='page_1' title='image "./comparanturinte00barngoog_0023.png"; bbox 0 0 2964 4980; ppageno 0'>
   <div class='ocr_carea' id='block_1_1' title="bbox 628 258 850 325">
    <p class='ocr_par' dir='ltr' id='par_1_1' title="bbox 628 258 850 325">
     <span class='ocr_line' id='line_1_1' title="bbox 628 258 850 325; baseline 0.018 -21"><span class='ocrx_word' id='word_1_1' title='bbox 628 258 850 325; x_wconf 65' lang='lat'>...18-</span> 
     </span>
    </p>
   </div>
   <div class='ocr_carea' id='block_1_2' title="bbox 150 445 1328 3130">
    <p class='ocr_par' dir='ltr' id='par_1_2' title="bbox 283 445 1328 864">
     <span class='ocr_line' id='line_1_2' title="bbox 286 445 1326 541; baseline 0.003 -23"><span class='ocrx_word' id='word_1_2' title='bbox 286 445 361 537; x_wconf 88' lang='lat' dir='ltr'>VII,</span> <span class='ocrx_word' id='word_1_3' title='bbox 387 458 415 537; x_wconf 83' lang='lat'><strong><em>5,</em></strong></span> <span class='ocrx_word' id='word_1_4' title='bbox 439 458 481 518; x_wconf 81' lang='lat'><strong><em>85</em></strong></span> <span class='ocrx_word' id='word_1_5' title='bbox 511 453 565 517; x_wconf 85' lang='grc' dir='ltr'><strong><em>καὶ</em></strong></span> <span class='ocrx_word' id='word_1_6' title='bbox 594 451 648 530; x_wconf 74' lang='grc' dir='ltr'><strong><em>οὓς</em></strong></span> <span class='ocrx_word' id='word_1_7' title='bbox 676 449 715 518; x_wconf 79' lang='grc' dir='ltr'><strong><em>δν</em></strong></span> <span class='ocrx_word' id='word_1_8' title='bbox 746 447 810 541; x_wconf 82' lang='grc' dir='ltr'><strong><em>δρῶ</em></strong></span> <span class='ocrx_word' id='word_1_9' title='bbox 837 453 877 518; x_wconf 83' lang='grc' dir='ltr'><strong><em>τδι</em></strong></span> <span class='ocrx_word' id='word_1_10' title='bbox 908 453 987 519; x_wconf 79' lang='grc' dir='ltr'><strong><em>καλὰ</em></strong></span> <span class='ocrx_word' id='word_1_11' title='bbox 1018 456 1071 520; x_wconf 83' lang='grc' dir='ltr'><strong><em>καὶ</em></strong></span> <span class='ocrx_word' id='word_1_12' title='bbox 1094 447 1227 540; x_wconf 71' lang='grc' dir='ltr'><strong><em>τύμαθδ</em></strong></span> <span class='ocrx_word' id='word_1_13' title='bbox 1252 454 1326 521; x_wconf 79' lang='grc' dir='ltr'><strong><em>ἐπι-</em></strong></span> 
     </span>
     <span class='ocr_line' id='line_1_3' title="bbox 284 558 1327 649; baseline 0.005 -27"><span class='ocrx_word' id='word_1_14' title='bbox 284 558 479 646; x_wconf 89' lang='grc' dir='ltr'><strong><em>τηδεύοντας,</em></strong></span> <span class='ocrx_word' id='word_1_15' title='bbox 519 559 651 638; x_wconf 76' lang='grc' dir='ltr'><strong><em>τούτους</em></strong></span> <span class='ocrx_word' id='word_1_16' title='bbox 690 560 826 649; x_wconf 77' lang='grc' dir='ltr'><em>τιμήσω.</em></span> <span class='ocrx_word' id='word_1_17' title='bbox 900 564 992 648; x_wconf 84' lang='lat' dir='ltr'>VIII,</span> <span class='ocrx_word' id='word_1_18' title='bbox 1031 571 1058 648; x_wconf 93' lang='lat' dir='ltr'><strong><em>l,</em></strong></span> <span class='ocrx_word' id='word_1_19' title='bbox 1095 571 1135 629; x_wconf 83' lang='lat'><strong><em>39</em></strong></span> <span class='ocrx_word' id='word_1_20' title='bbox 1179 558 1327 640; x_wconf 82' lang='grc' dir='ltr'><strong><em>ούστινας</em></strong></span> 
     </span>
     <span class='ocr_line' id='line_1_4' title="bbox 283 659 1328 756; baseline 0.006 -27"><span class='ocrx_word' id='word_1_21' title='bbox 283 664 425 748; x_wconf 81' lang='grc' dir='ltr'><strong><em>μάλιστα</em></strong></span> <span class='ocrx_word' id='word_1_22' title='bbox 457 659 540 754; x_wconf 79' lang='grc' dir='ltr'><strong><em>δρηύη</em></strong></span> <span class='ocrx_word' id='word_1_23' title='bbox 567 666 606 730; x_wconf 82' lang='grc' dir='ltr'><strong><em>τὰ</em></strong></span> <span class='ocrx_word' id='word_1_24' title='bbox 635 667 714 733; x_wconf 80' lang='grc' dir='ltr'><strong><em>καλά</em></strong></span> <span class='ocrx_word' id='word_1_25' title='bbox 747 667 929 748; x_wconf 84' lang='grc' dir='ltr'><strong><em>διώκοντας,</em></strong></span> <span class='ocrx_word' id='word_1_26' title='bbox 965 669 1095 746; x_wconf 75' lang='grc' dir='ltr'><strong><em>τούτους</em></strong></span> <span class='ocrx_word' id='word_1_27' title='bbox 1129 671 1183 734; x_wconf 86' lang='grc' dir='ltr'><strong><em>καὶ</em></strong></span> <span class='ocrx_word' id='word_1_28' title='bbox 1214 670 1328 756; x_wconf 82' lang='grc' dir='ltr'><strong><em>δώροις</em></strong></span> 
     </span>
     <span class='ocr_line' id='line_1_5' title="bbox 285 765 1227 864; baseline 0.006 -28"><span class='ocrx_word' id='word_1_29' title='bbox 285 774 339 837; x_wconf 85' lang='grc' dir='ltr'><strong><em>καὶ</em></strong></span> <span class='ocrx_word' id='word_1_30' title='bbox 363 765 476 860; x_wconf 81' lang='grc' dir='ltr'><strong><em>ύρχαῖς</em></strong></span> <span class='ocrx_word' id='word_1_31' title='bbox 498 774 552 838; x_wconf 88' lang='grc' dir='ltr'><strong><em>καὶ</em></strong></span> <span class='ocrx_word' id='word_1_32' title='bbox 575 771 680 861; x_wconf 75' lang='grc' dir='ltr'><strong><em>ἕδραις</em></strong></span> <span class='ocrx_word' id='word_1_33' title='bbox 702 776 757 840; x_wconf 86' lang='grc' dir='ltr'><strong><em>καὶ</em></strong></span> <span class='ocrx_word' id='word_1_34' title='bbox 780 775 904 853; x_wconf 86' lang='grc' dir='ltr'><strong><em>πύσαις</em></strong></span> <span class='ocrx_word' id='word_1_35' title='bbox 926 787 1036 859; x_wconf 85' lang='grc' dir='ltr'><strong><em>τιμαῖς</em></strong></span> <span class='ocrx_word' id='word_1_36' title='bbox 1060 775 1227 864; x_wconf 78' lang='grc' dir='ltr'><strong><em>ἐγέραιρεν.</em></strong></span> 
     </span>
    </p>

    <p class='ocr_par' dir='ltr' id='par_1_3' title="bbox 196 877 1327 1185">
     <span class='ocr_line' id='line_1_6' title="bbox 196 877 1327 967; baseline 0.002 -21"><span class='ocrx_word' id='word_1_37' title='bbox 196 881 296 948; x_wconf 81' lang='lat' dir='ltr'>Isocr.</span> <span class='ocrx_word' id='word_1_38' title='bbox 327 879 408 967; x_wconf 84' lang='grc' dir='ltr'><strong><em>πρὸς</em></strong></span> <span class='ocrx_word' id='word_1_39' title='bbox 437 890 511 946; x_wconf 90' lang='grc' dir='ltr'><strong><em>Νικ.</em></strong></span> <span class='ocrx_word' id='word_1_40' title='bbox 538 888 579 947; x_wconf 88' lang='grc'><strong><em>18</em></strong></span> <span class='ocrx_word' id='word_1_41' title='bbox 604 903 624 948; x_wconf 81' lang='lat' dir='ltr'>a</span> <span class='ocrx_word' id='word_1_42' title='bbox 663 877 753 960; x_wconf 84' lang='grc' dir='ltr'><strong><em>δπως</em></strong></span> <span class='ocrx_word' id='word_1_43' title='bbox 788 883 817 947; x_wconf 82' lang='grc' dir='ltr'><strong><em>οἱ</em></strong></span> <span class='ocrx_word' id='word_1_44' title='bbox 852 885 1012 967; x_wconf 74' lang='grc' dir='ltr'><strong><em>βέλτιστοι</em></strong></span> <span class='ocrx_word' id='word_1_45' title='bbox 1045 884 1104 966; x_wconf 76' lang='grc' dir='ltr'><strong><em>μὲν</em></strong></span> <span class='ocrx_word' id='word_1_46' title='bbox 1138 884 1196 962; x_wconf 83' lang='grc' dir='ltr'><strong><em>τὰς</em></strong></span> <span class='ocrx_word' id='word_1_47' title='bbox 1230 883 1327 967; x_wconf 78' lang='grc' dir='ltr'><strong><em>τιμὰς</em></strong></span> 
     </span>
     <span class='ocr_line' id='line_1_7' title="bbox 284 981 1327 1081; baseline 0.005 -29"><span class='ocrx_word' id='word_1_48' title='bbox 284 985 415 1068; x_wconf 75' lang='grc' dir='ltr'><strong><em>ἕξουσιν,</em></strong></span> <span class='ocrx_word' id='word_1_49' title='bbox 445 987 476 1053; x_wconf 80' lang='grc' dir='ltr'><strong><em>οῖ</em></strong></span> <span class='ocrx_word' id='word_1_50' title='bbox 499 981 528 1052; x_wconf 80' lang='grc' dir='ltr'><strong><em>δ</em></strong></span> <span class='ocrx_word' id='word_1_51' title='bbox 551 981 641 1054; x_wconf 72' lang='grc' dir='ltr'><strong><em>ἄλλοι</em></strong></span> <span class='ocrx_word' id='word_1_52' title='bbox 663 990 760 1077; x_wconf 77' lang='grc' dir='ltr'><strong><em>μηδὲν</em></strong></span> <span class='ocrx_word' id='word_1_53' title='bbox 783 983 998 1081; x_wconf 82' lang='grc' dir='ltr'><strong><em>ύδικήσυνται.</em></strong></span> <span class='ocrx_word' id='word_1_54' title='bbox 1048 999 1087 1057; x_wconf 86' lang='grc'>19</span> <span class='ocrx_word' id='word_1_55' title='bbox 1109 1016 1130 1060; x_wconf 84' lang='lat' dir='ltr'>a</span> <span class='ocrx_word' id='word_1_56' title='bbox 1152 997 1230 1077; x_wconf 86' lang='grc' dir='ltr'><strong><em>τίμα</em></strong></span> <span class='ocrx_word' id='word_1_57' title='bbox 1255 1005 1327 1069; x_wconf 88' lang='grc' dir='ltr'><strong><em>ταῖς</em></strong></span> 
     </span>
     <span class='ocr_line' id='line_1_8' title="bbox 283 1088 1036 1185; baseline 0.004 -25"><span class='ocrx_word' id='word_1_58' title='bbox 283 1095 341 1178; x_wconf 81' lang='grc' dir='ltr'><strong><em>μὲν</em></strong></span> <span class='ocrx_word' id='word_1_59' title='bbox 364 1088 478 1182; x_wconf 74' lang='grc' dir='ltr'><strong><em>α’ρχαῑς</em></strong></span> <span class='ocrx_word' id='word_1_60' title='bbox 500 1105 564 1163; x_wconf 85' lang='grc' dir='ltr'><strong><em>τῶν</em></strong></span> <span class='ocrx_word' id='word_1_61' title='bbox 589 1099 692 1185; x_wconf 84' lang='grc' dir='ltr'><strong><em>φίλων</em></strong></span> <span class='ocrx_word' id='word_1_62' title='bbox 715 1097 789 1176; x_wconf 83' lang='grc' dir='ltr'><strong><em>τούς</em></strong></span> <span class='ocrx_word' id='word_1_63' title='bbox 812 1097 1036 1176; x_wconf 77' lang='grc' dir='ltr'><strong><em>οἰκειοτάτους.</em></strong></span> 
     </span>
    </p>

    <p class='ocr_par' dir='ltr' id='par_1_4' title="bbox 195 1198 1326 1377">
     <span class='ocr_line' id='line_1_9' title="bbox 195 1198 1326 1296; baseline 0.003 -28"><span class='ocrx_word' id='word_1_64' title='bbox 195 1203 257 1268; x_wconf 84' lang='lat' dir='ltr'><strong><em>Dio</em></strong></span> <span class='ocrx_word' id='word_1_65' title='bbox 279 1222 311 1287; x_wconf 84' lang='lat' dir='ltr'><strong><em>p.</em></strong></span> <span class='ocrx_word' id='word_1_66' title='bbox 335 1210 377 1271; x_wconf 89' lang='grc'><strong><em>49</em></strong></span> <span class='ocrx_word' id='word_1_67' title='bbox 407 1213 509 1287; x_wconf 82' lang='grc' dir='ltr'><strong><em>τιμῶν</em></strong></span> <span class='ocrx_word' id='word_1_68' title='bbox 536 1204 594 1288; x_wconf 78' lang='grc' dir='ltr'><strong><em>μὲν</em></strong></span> <span class='ocrx_word' id='word_1_69' title='bbox 623 1206 678 1270; x_wconf 80' lang='grc' dir='ltr'><strong><em>καὶ</em></strong></span> <span class='ocrx_word' id='word_1_70' title='bbox 707 1198 843 1291; x_wconf 73' lang='grc' dir='ltr'><strong><em>α’ναπων</em></strong></span> <span class='ocrx_word' id='word_1_71' title='bbox 872 1205 946 1284; x_wconf 81' lang='grc' dir='ltr'><strong><em>τοὺς</em></strong></span> <span class='ocrx_word' id='word_1_72' title='bbox 974 1200 1132 1292; x_wconf 73' lang='grc' dir='ltr'><strong><em>ύμαθούς,</em></strong></span> <span class='ocrx_word' id='word_1_73' title='bbox 1157 1206 1326 1296; x_wconf 84' lang='grc' dir='ltr'><strong><em>κηδόμενος</em></strong></span> 
     </span>
     <span class='ocr_line' id='line_1_10' title="bbox 284 1310 481 1377; baseline 0.005 -1"><span class='ocrx_word' id='word_1_74' title='bbox 284 1310 317 1376; x_wconf 81' lang='grc' dir='ltr'><strong><em>δὲ</em></strong></span> <span class='ocrx_word' id='word_1_75' title='bbox 340 1310 481 1377; x_wconf 75' lang='grc' dir='ltr'><strong><em>πάντων.</em></strong></span> 
     </span>
    </p>

    <p class='ocr_par' dir='ltr' id='par_1_5' title="bbox 151 1418 1325 1612">
     <span class='ocr_line' id='line_1_11' title="bbox 240 1418 1325 1507; baseline 0.002 -20"><span class='ocrx_word' id='word_1_76' title='bbox 240 1418 394 1502; x_wconf 79' lang='lat' dir='ltr'><strong>Sequitur</strong></span> <span class='ocrx_word' id='word_1_77' title='bbox 409 1439 504 1502; x_wconf 84' lang='lat' dir='ltr'>porro</span> <span class='ocrx_word' id='word_1_78' title='bbox 520 1421 582 1487; x_wconf 93' lang='lat' dir='ltr'><strong><em>Di0</em></strong></span> <span class='ocrx_word' id='word_1_79' title='bbox 599 1427 778 1507; x_wconf 74' lang='lat' dir='ltr'><strong>utrumque,</strong></span> <span class='ocrx_word' id='word_1_80' title='bbox 800 1422 959 1505; x_wconf 84' lang='lat' dir='ltr'><strong>imprimis</strong></span> <span class='ocrx_word' id='word_1_81' title='bbox 975 1443 1052 1491; x_wconf 86' lang='lat' dir='ltr'>vero</span> <span class='ocrx_word' id='word_1_82' title='bbox 1068 1425 1325 1506; x_wconf 80' lang='lat' dir='ltr'>Xenophontem,</span> 
     </span>
     <span class='ocr_line' id='line_1_12' title="bbox 151 1528 887 1612; baseline 0.003 -18"><span class='ocrx_word' id='word_1_83' title='bbox 151 1528 207 1594; x_wconf 87' lang='lat' dir='ltr'><strong><em>ubi</em></strong></span> <span class='ocrx_word' id='word_1_84' title='bbox 230 1528 310 1594; x_wconf 76' lang='lat' dir='ltr'><strong>dicit</strong></span> <span class='ocrx_word' id='word_1_85' title='bbox 334 1530 373 1594; x_wconf 81' lang='lat' dir='ltr'><strong><em>de</em></strong></span> <span class='ocrx_word' id='word_1_86' title='bbox 397 1528 558 1594; x_wconf 90' lang='lat' dir='ltr'><strong>hominum</strong></span> <span class='ocrx_word' id='word_1_87' title='bbox 582 1530 671 1612; x_wconf 83' lang='lat' dir='ltr'><strong>regis</strong></span> <span class='ocrx_word' id='word_1_88' title='bbox 695 1530 887 1597; x_wconf 75' lang='lat' dir='ltr'><strong>imitatione.</strong></span> 
     </span>
    </p>

    <p class='ocr_par' dir='ltr' id='par_1_6' title="bbox 150 1646 1327 2062">
     <span class='ocr_line' id='line_1_13' title="bbox 150 1646 1326 1742; baseline 0.001 -25"><span class='ocrx_word' id='word_1_89' title='bbox 150 1652 213 1718; x_wconf 90' lang='lat' dir='ltr'><strong><em>Dio</em></strong></span> <span class='ocrx_word' id='word_1_90' title='bbox 237 1670 267 1735; x_wconf 88' lang='lat' dir='ltr'><strong><em>p.</em></strong></span> <span class='ocrx_word' id='word_1_91' title='bbox 295 1658 359 1718; x_wconf 88' lang='lat'><strong><em>104</em></strong></span> <span class='ocrx_word' id='word_1_92' title='bbox 386 1646 405 1739; x_wconf 82' lang='grc' dir='ltr'>ἡ</span> <span class='ocrx_word' id='word_1_93' title='bbox 440 1653 473 1718; x_wconf 79' lang='grc' dir='ltr'><strong><em>δὲ</em></strong></span> <span class='ocrx_word' id='word_1_94' title='bbox 513 1653 705 1742; x_wconf 77' lang='grc' dir='ltr'><strong><em>σωφροσύνη</em></strong></span> <span class='ocrx_word' id='word_1_95' title='bbox 744 1656 798 1720; x_wconf 88' lang='grc' dir='ltr'><strong><em>καὶ</em></strong></span> <span class='ocrx_word' id='word_1_96' title='bbox 838 1654 912 1732; x_wconf 86' lang='grc' dir='ltr'><strong><em>τούς</em></strong></span> <span class='ocrx_word' id='word_1_97' title='bbox 951 1647 1220 1740; x_wconf 69' lang='grc' dir='ltr'><strong><em>ἀκολαστοτέρους</em></strong></span> <span class='ocrx_word' id='word_1_98' title='bbox 1260 1675 1326 1719; x_wconf 86' lang='grc' dir='ltr'><strong><em>σιο-</em></strong></span> 
     </span>
     <span class='ocr_line' id='line_1_14' title="bbox 288 1754 1327 1849; baseline 0.001 -25"><span class='ocrx_word' id='word_1_99' title='bbox 288 1764 516 1847; x_wconf 86' lang='grc' dir='ltr'><strong><em>φρονεστέρους</em></strong></span> <span class='ocrx_word' id='word_1_100' title='bbox 531 1773 645 1826; x_wconf 88' lang='grc' dir='ltr'><strong><em>ποιεῖ.</em></strong></span> <span class='ocrx_word' id='word_1_101' title='bbox 665 1812 671 1825; x_wconf 93' lang='grc'><strong>.</strong></span> <span class='ocrx_word' id='word_1_102' title='bbox 690 1812 709 1840; x_wconf 91' lang='grc'><strong><em>.,</em></strong></span> <span class='ocrx_word' id='word_1_103' title='bbox 733 1755 753 1849; x_wconf 78' lang='grc' dir='ltr'><em>ἡ</em></span> <span class='ocrx_word' id='word_1_104' title='bbox 776 1762 809 1826; x_wconf 81' lang='grc' dir='ltr'><strong><em>δὲ</em></strong></span> <span class='ocrx_word' id='word_1_105' title='bbox 832 1761 1015 1849; x_wconf 77' lang='grc' dir='ltr'><strong><em>δικαιοσύνη</em></strong></span> <span class='ocrx_word' id='word_1_106' title='bbox 1037 1762 1092 1826; x_wconf 85' lang='grc' dir='ltr'><strong><em>καὶ</em></strong></span> <span class='ocrx_word' id='word_1_107' title='bbox 1115 1775 1184 1839; x_wconf 89' lang='grc' dir='ltr'><strong><em>τοῖς</em></strong></span> <span class='ocrx_word' id='word_1_108' title='bbox 1204 1754 1327 1838; x_wconf 81' lang='grc' dir='ltr'><strong><em>οἷδλκοις</em></strong></span> 
     </span>
     <span class='ocr_line' id='line_1_15' title="bbox 287 1858 1327 1956; baseline 0.002 -26"><span class='ocrx_word' id='word_1_109' title='bbox 287 1859 384 1952; x_wconf 82' lang='grc' dir='ltr'><strong><em>αύτης</em></strong></span> <span class='ocrx_word' id='word_1_110' title='bbox 405 1867 626 1949; x_wconf 83' lang='grc' dir='ltr'><strong><em>μεταδίδωσιν·</em></strong></span> <span class='ocrx_word' id='word_1_111' title='bbox 650 1861 670 1955; x_wconf 78' lang='grc' dir='ltr'><strong><em>η</em></strong></span> <span class='ocrx_word' id='word_1_112' title='bbox 692 1868 725 1933; x_wconf 75' lang='grc' dir='ltr'><strong><em>δὲ</em></strong></span> <span class='ocrx_word' id='word_1_113' title='bbox 741 1860 869 1954; x_wconf 77' lang='grc' dir='ltr'><strong><em>οἷνδρεία</em></strong></span> <span class='ocrx_word' id='word_1_114' title='bbox 892 1870 946 1933; x_wconf 84' lang='grc' dir='ltr'><strong><em>καὶ</em></strong></span> <span class='ocrx_word' id='word_1_115' title='bbox 969 1868 1043 1946; x_wconf 82' lang='grc' dir='ltr'><strong><em>τοὺς</em></strong></span> <span class='ocrx_word' id='word_1_116' title='bbox 1059 1858 1152 1956; x_wconf 72' lang='grc' dir='ltr'><strong><em>ληττον</em></strong></span> <span class='ocrx_word' id='word_1_117' title='bbox 1168 1861 1327 1954; x_wconf 76' lang='grc' dir='ltr'><strong><em>εὐψύχους</em></strong></span> 
     </span>
     <span class='ocr_line' id='line_1_16' title="bbox 285 1964 1325 2062; baseline 0 -24"><span class='ocrx_word' id='word_1_118' title='bbox 285 1964 322 2038; x_wconf 86' lang='grc' dir='ltr'><strong><em>ού</em></strong></span> <span class='ocrx_word' id='word_1_119' title='bbox 344 1972 442 2056; x_wconf 86' lang='grc' dir='ltr'><strong><em>μόνον</em></strong></span> <span class='ocrx_word' id='word_1_120' title='bbox 458 1973 571 2053; x_wconf 83' lang='grc' dir='ltr'><strong><em>σώζειν</em></strong></span> <span class='ocrx_word' id='word_1_121' title='bbox 594 1967 673 2039; x_wconf 74' lang='grc' dir='ltr'><strong><em>ἄλλα</em></strong></span> <span class='ocrx_word' id='word_1_122' title='bbox 696 1977 750 2039; x_wconf 81' lang='grc' dir='ltr'><strong><em>καὶ</em></strong></span> <span class='ocrx_word' id='word_1_123' title='bbox 765 1976 1047 2062; x_wconf 73' lang='grc' dir='ltr'><strong><em>θαρραλεωτέρους</em></strong></span> <span class='ocrx_word' id='word_1_124' title='bbox 1062 1986 1169 2041; x_wconf 85' lang='grc' dir='ltr'><strong><em>ποιεῖν</em></strong></span> <span class='ocrx_word' id='word_1_125' title='bbox 1185 1974 1325 2041; x_wconf 89' lang='grc' dir='ltr'><strong><em>δύναται.</em></strong></span> 
     </span>
    </p>

    <p class='ocr_par' dir='ltr' id='par_1_7' title="bbox 194 2082 1328 2277">
     <span class='ocr_line' id='line_1_17' title="bbox 194 2082 1328 2170; baseline -0.001 -23"><span class='ocrx_word' id='word_1_126' title='bbox 194 2099 225 2164; x_wconf 86' lang='lat' dir='ltr'><strong><em>p.</em></strong></span> <span class='ocrx_word' id='word_1_127' title='bbox 252 2087 317 2147; x_wconf 87' lang='lat'><strong><em>104</em></strong></span> <span class='ocrx_word' id='word_1_128' title='bbox 339 2083 393 2147; x_wconf 89' lang='lat' dir='ltr'><strong><em>fin.</em></strong></span> <span class='ocrx_word' id='word_1_129' title='bbox 418 2087 453 2148; x_wconf 78' lang='lat' dir='ltr'><strong><em>et</em></strong></span> <span class='ocrx_word' id='word_1_130' title='bbox 478 2087 539 2148; x_wconf 85' lang='lat'><strong><em>105</em></strong></span> <span class='ocrx_word' id='word_1_131' title='bbox 564 2083 607 2148; x_wconf 89' lang='lat' dir='ltr'><strong><em>in.</em></strong></span> <span class='ocrx_word' id='word_1_132' title='bbox 641 2084 800 2170; x_wconf 70' lang='grc' dir='ltr'><strong><em>μνησθεὶς</em></strong></span> <span class='ocrx_word' id='word_1_133' title='bbox 827 2082 887 2170; x_wconf 82' lang='grc' dir='ltr'><strong><em>γὰρ</em></strong></span> <span class='ocrx_word' id='word_1_134' title='bbox 916 2092 973 2148; x_wconf 81' lang='grc' dir='ltr'><strong><em>τοῦ</em></strong></span> <span class='ocrx_word' id='word_1_135' title='bbox 1001 2093 1140 2170; x_wconf 79' lang='grc' dir='ltr'><strong><em>χρηστοῦ</em></strong></span> <span class='ocrx_word' id='word_1_136' title='bbox 1170 2085 1328 2166; x_wconf 72' lang='grc' dir='ltr'><strong><em>βασιλείας</em></strong></span> 
     </span>
     <span class='ocr_line' id='line_1_18' title="bbox 286 2185 620 2277; baseline 0.009 -25"><span class='ocrx_word' id='word_1_137' title='bbox 286 2185 342 2254; x_wconf 79' lang='grc' dir='ltr'><strong><em>ἐπὶ</em></strong></span> <span class='ocrx_word' id='word_1_138' title='bbox 365 2197 466 2255; x_wconf 85' lang='grc' dir='ltr'><strong><em>πᾶσιν</em></strong></span> <span class='ocrx_word' id='word_1_139' title='bbox 490 2187 620 2277; x_wconf 76' lang='grc' dir='ltr'><strong><em>εἴρηκεν·</em></strong></span> 
     </span>
    </p>

    <p class='ocr_par' dir='ltr' id='par_1_8' title="bbox 499 2288 1000 2383">
     <span class='ocr_line' id='line_1_19' title="bbox 499 2288 1000 2383; baseline 0.004 -22"><span class='ocrx_word' id='word_1_140' title='bbox 499 2288 638 2383; x_wconf 83' lang='grc' dir='ltr'><strong><em>ύρετώσι</em></strong></span> <span class='ocrx_word' id='word_1_141' title='bbox 662 2297 695 2361; x_wconf 82' lang='grc' dir='ltr'><strong><em>δὲ</em></strong></span> <span class='ocrx_word' id='word_1_142' title='bbox 717 2298 789 2362; x_wconf 92' lang='grc' dir='ltr'><strong><em>λαοὶ</em></strong></span> <span class='ocrx_word' id='word_1_143' title='bbox 812 2289 869 2363; x_wconf 76' lang='grc' dir='ltr'><strong><em>ὑπ’</em></strong></span> <span class='ocrx_word' id='word_1_144' title='bbox 892 2291 1000 2363; x_wconf 81' lang='grc' dir='ltr'><strong><em>αύτού.</em></strong></span> 
     </span>
    </p>

    <p class='ocr_par' dir='ltr' id='par_1_9' title="bbox 195 2403 1328 2707">
     <span class='ocr_line' id='line_1_20' title="bbox 195 2403 1327 2495; baseline 0 -26"><span class='ocrx_word' id='word_1_145' title='bbox 195 2404 294 2470; x_wconf 80' lang='lat' dir='ltr'>Isocr.</span> <span class='ocrx_word' id='word_1_146' title='bbox 328 2403 409 2491; x_wconf 87' lang='grc' dir='ltr'><strong><em>πρὸς</em></strong></span> <span class='ocrx_word' id='word_1_147' title='bbox 438 2414 510 2471; x_wconf 89' lang='grc' dir='ltr'><strong><em>Νικ.</em></strong></span> <span class='ocrx_word' id='word_1_148' title='bbox 541 2413 580 2471; x_wconf 78' lang='lat'><strong><em>21</em></strong></span> <span class='ocrx_word' id='word_1_149' title='bbox 607 2427 627 2472; x_wconf 82' lang='lat' dir='ltr'>a</span> <span class='ocrx_word' id='word_1_150' title='bbox 656 2404 711 2495; x_wconf 74' lang='grc' dir='ltr'><strong><em>τύμ</em></strong></span> <span class='ocrx_word' id='word_1_151' title='bbox 740 2415 858 2471; x_wconf 84' lang='grc' dir='ltr'><strong><em>σαυτοῦ</em></strong></span> <span class='ocrx_word' id='word_1_152' title='bbox 888 2406 1097 2494; x_wconf 76' lang='grc' dir='ltr'><strong><em>σωφροσύνην</em></strong></span> <span class='ocrx_word' id='word_1_153' title='bbox 1123 2405 1327 2491; x_wconf 77' lang='grc' dir='ltr'><strong><em>παράδειγμα</em></strong></span> 
     </span>
     <span class='ocr_line' id='line_1_21' title="bbox 285 2505 1328 2601; baseline 0 -26"><span class='ocrx_word' id='word_1_154' title='bbox 285 2521 354 2588; x_wconf 90' lang='grc' dir='ltr'><strong><em>τοῖς</em></strong></span> <span class='ocrx_word' id='word_1_155' title='bbox 377 2505 485 2589; x_wconf 77' lang='grc' dir='ltr'><strong><em>ἄλλοις</em></strong></span> <span class='ocrx_word' id='word_1_156' title='bbox 508 2518 651 2600; x_wconf 73' lang='grc' dir='ltr'><strong><em>καθίστη</em></strong></span> <span class='ocrx_word' id='word_1_157' title='bbox 674 2513 869 2598; x_wconf 82' lang='grc' dir='ltr'><strong><em>γιγνώσκων,</em></strong></span> <span class='ocrx_word' id='word_1_158' title='bbox 895 2508 945 2578; x_wconf 72' lang='grc' dir='ltr'><strong><em>ὅτι</em></strong></span> <span class='ocrx_word' id='word_1_159' title='bbox 968 2512 1006 2578; x_wconf 85' lang='grc' dir='ltr'><strong><em>τὸ</em></strong></span> <span class='ocrx_word' id='word_1_160' title='bbox 1028 2522 1084 2601; x_wconf 78' lang='grc' dir='ltr'><strong><em>τῆς</em></strong></span> <span class='ocrx_word' id='word_1_161' title='bbox 1106 2511 1231 2588; x_wconf 85' lang='grc' dir='ltr'><strong><em>πόλεως</em></strong></span> <span class='ocrx_word' id='word_1_162' title='bbox 1255 2506 1328 2597; x_wconf 73' lang='grc' dir='ltr'><strong><em>ὅλης</em></strong></span> 
     </span>
     <span class='ocr_line' id='line_1_22' title="bbox 284 2605 1078 2707; baseline 0.005 -25"><span class='ocrx_word' id='word_1_163' title='bbox 284 2605 370 2705; x_wconf 74' lang='grc' dir='ltr'><strong><em>ἦθος</em></strong></span> <span class='ocrx_word' id='word_1_164' title='bbox 394 2612 561 2703; x_wconf 83' lang='grc' dir='ltr'><strong><em>δμοιούται</em></strong></span> <span class='ocrx_word' id='word_1_165' title='bbox 585 2631 653 2698; x_wconf 87' lang='grc' dir='ltr'><strong><em>τοῖς</em></strong></span> <span class='ocrx_word' id='word_1_166' title='bbox 676 2614 836 2707; x_wconf 76' lang='grc' dir='ltr'><strong><em>ἄρχουσιν.</em></strong></span> <span class='ocrx_word' id='word_1_167' title='bbox 861 2622 901 2688; x_wconf 77' lang='lat' dir='ltr'><strong><em>cf.</em></strong></span> <span class='ocrx_word' id='word_1_168' title='bbox 926 2641 957 2706; x_wconf 88' lang='lat' dir='ltr'><strong><em>p.</em></strong></span> <span class='ocrx_word' id='word_1_169' title='bbox 984 2627 1026 2687; x_wconf 90' lang='grc'><strong><em>34</em></strong></span> <span class='ocrx_word' id='word_1_170' title='bbox 1049 2624 1078 2688; x_wconf 91' lang='lat' dir='ltr'><strong><em>d.</em></strong></span> 
     </span>
    </p>

    <p class='ocr_par' dir='ltr' id='par_1_10' title="bbox 196 2719 1327 3130">
     <span class='ocr_line' id='line_1_23' title="bbox 196 2719 1327 2814; baseline 0 -24"><span class='ocrx_word' id='word_1_171' title='bbox 196 2726 280 2791; x_wconf 82' lang='lat' dir='ltr'><strong>Xen.</strong></span> <span class='ocrx_word' id='word_1_172' title='bbox 305 2734 343 2790; x_wconf 89' lang='lat' dir='ltr'><strong><em>K.</em></strong></span> <span class='ocrx_word' id='word_1_173' title='bbox 368 2726 457 2792; x_wconf 90' lang='grc' dir='ltr'><strong><em>παιδ.</em></strong></span> <span class='ocrx_word' id='word_1_174' title='bbox 482 2728 574 2813; x_wconf 83' lang='lat' dir='ltr'>VIII,</span> <span class='ocrx_word' id='word_1_175' title='bbox 601 2735 628 2812; x_wconf 87' lang='lat'><strong><em>1,</em></strong></span> <span class='ocrx_word' id='word_1_176' title='bbox 654 2735 695 2794; x_wconf 91' lang='lat'><strong><em>30</em></strong></span> <span class='ocrx_word' id='word_1_177' title='bbox 731 2729 785 2791; x_wconf 85' lang='grc' dir='ltr'><strong><em>καὶ</em></strong></span> <span class='ocrx_word' id='word_1_178' title='bbox 812 2727 1020 2814; x_wconf 82' lang='grc' dir='ltr'><strong><em>σωφροσύνην</em></strong></span> <span class='ocrx_word' id='word_1_179' title='bbox 1054 2719 1083 2790; x_wconf 80' lang='grc' dir='ltr'><strong><em>δ</em></strong></span> <span class='ocrx_word' id='word_1_180' title='bbox 1119 2720 1216 2790; x_wconf 82' lang='grc' dir='ltr'><strong><em>αύτού</em></strong></span> <span class='ocrx_word' id='word_1_181' title='bbox 1253 2724 1327 2791; x_wconf 76' lang='grc' dir='ltr'><strong><em>ἐπι-</em></strong></span> 
     </span>
     <span class='ocr_line' id='line_1_24' title="bbox 285 2826 1326 2921; baseline 0.002 -24"><span class='ocrx_word' id='word_1_182' title='bbox 285 2832 406 2910; x_wconf 85' lang='grc' dir='ltr'><strong><em>δεικνύς</em></strong></span> <span class='ocrx_word' id='word_1_183' title='bbox 427 2833 546 2916; x_wconf 84' lang='grc' dir='ltr'><strong><em>μᾶλλον</em></strong></span> <span class='ocrx_word' id='word_1_184' title='bbox 570 2832 675 2899; x_wconf 79' lang='grc' dir='ltr'><strong><em>ἐποίει</em></strong></span> <span class='ocrx_word' id='word_1_185' title='bbox 698 2836 752 2899; x_wconf 85' lang='grc' dir='ltr'><strong><em>καὶ</em></strong></span> <span class='ocrx_word' id='word_1_186' title='bbox 775 2834 892 2921; x_wconf 88' lang='grc' dir='ltr'><strong><em>ταύτην</em></strong></span> <span class='ocrx_word' id='word_1_187' title='bbox 915 2833 1041 2910; x_wconf 80' lang='grc' dir='ltr'><strong><em>πάντας</em></strong></span> <span class='ocrx_word' id='word_1_188' title='bbox 1069 2826 1187 2899; x_wconf 82' lang='grc' dir='ltr'><strong><em>ύσκεῖν.</em></strong></span> <span class='ocrx_word' id='word_1_189' title='bbox 1234 2835 1326 2916; x_wconf 91' lang='lat' dir='ltr'>VIII,</span> 
     </span>
     <span class='ocr_line' id='line_1_25' title="bbox 285 2927 1327 3025; baseline -0.003 -19"><span class='ocrx_word' id='word_1_190' title='bbox 285 2947 315 3025; x_wconf 87' lang='lat'><strong><em>8,</em></strong></span> <span class='ocrx_word' id='word_1_191' title='bbox 333 2947 351 3005; x_wconf 82' lang='lat'>5</span> <span class='ocrx_word' id='word_1_192' title='bbox 366 2933 475 3006; x_wconf 75' lang='grc' dir='ltr'><strong><em>ὁποῖοί</em></strong></span> <span class='ocrx_word' id='word_1_193' title='bbox 498 2965 581 3017; x_wconf 87' lang='grc' dir='ltr'><strong><em>τινες</em></strong></span> <span class='ocrx_word' id='word_1_194' title='bbox 604 2939 665 3025; x_wconf 84' lang='grc' dir='ltr'><strong><em>γὰρ</em></strong></span> <span class='ocrx_word' id='word_1_195' title='bbox 688 2935 726 3005; x_wconf 80' lang='grc' dir='ltr'><strong><em>δν</em></strong></span> <span class='ocrx_word' id='word_1_196' title='bbox 751 2939 781 3004; x_wconf 83' lang='grc' dir='ltr'><strong><em>οἱ</em></strong></span> <span class='ocrx_word' id='word_1_197' title='bbox 805 2939 987 3025; x_wconf 84' lang='grc' dir='ltr'><strong><em>προστάται</em></strong></span> <span class='ocrx_word' id='word_1_198' title='bbox 1012 2927 1082 3017; x_wconf 83' lang='grc' dir='ltr'><strong><em>ώσι,</em></strong></span> <span class='ocrx_word' id='word_1_199' title='bbox 1107 2949 1248 3005; x_wconf 85' lang='grc' dir='ltr'><strong><em>τοιοῦτοι</em></strong></span> <span class='ocrx_word' id='word_1_200' title='bbox 1272 2941 1327 3004; x_wconf 83' lang='grc' dir='ltr'><strong><em>καὶ</em></strong></span> 
     </span>
     <span class='ocr_line' id='line_1_26' title="bbox 287 3038 1046 3130; baseline -0.001 -19"><span class='ocrx_word' id='word_1_201' title='bbox 287 3045 317 3111; x_wconf 83' lang='grc' dir='ltr'><strong><em>οῖ</em></strong></span> <span class='ocrx_word' id='word_1_202' title='bbox 340 3038 398 3112; x_wconf 74' lang='grc' dir='ltr'><strong><em>ὑπ’</em></strong></span> <span class='ocrx_word' id='word_1_203' title='bbox 422 3039 539 3124; x_wconf 84' lang='grc' dir='ltr'><strong><em>αύτούς</em></strong></span> <span class='ocrx_word' id='word_1_204' title='bbox 562 3039 606 3124; x_wconf 88' lang='grc' dir='ltr'><strong><em>ώς</em></strong></span> <span class='ocrx_word' id='word_1_205' title='bbox 629 3045 685 3112; x_wconf 78' lang='grc' dir='ltr'><strong><em>ἐπὶ</em></strong></span> <span class='ocrx_word' id='word_1_206' title='bbox 708 3045 746 3111; x_wconf 86' lang='grc' dir='ltr'><strong><em>τὸ</em></strong></span> <span class='ocrx_word' id='word_1_207' title='bbox 769 3045 850 3112; x_wconf 85' lang='grc' dir='ltr'><strong><em>πολύ</em></strong></span> <span class='ocrx_word' id='word_1_208' title='bbox 875 3051 1046 3130; x_wconf 86' lang='grc' dir='ltr'><strong><em>γίγνονται.</em></strong></span> 
     </span>
    </p>
   </div>
   <div class='ocr_carea' id='block_1_3' title="bbox 152 3159 1328 3683">
    <p class='ocr_par' dir='ltr' id='par_1_11' title="bbox 152 3159 1328 3450">
     <span class='ocr_line' id='line_1_27' title="bbox 152 3159 1327 3259; baseline 0 -22"><span class='ocrx_word' id='word_1_209' title='bbox 152 3172 214 3237; x_wconf 82' lang='lat' dir='ltr'><strong><em>Dio</em></strong></span> <span class='ocrx_word' id='word_1_210' title='bbox 234 3191 265 3254; x_wconf 88' lang='lat' dir='ltr'><strong><em>p.</em></strong></span> <span class='ocrx_word' id='word_1_211' title='bbox 286 3177 349 3238; x_wconf 88' lang='grc'><strong><em>104</em></strong></span> <span class='ocrx_word' id='word_1_212' title='bbox 363 3173 417 3238; x_wconf 89' lang='lat' dir='ltr'><strong><em>fin.</em></strong></span> <span class='ocrx_word' id='word_1_213' title='bbox 450 3162 516 3236; x_wconf 83' lang='grc' dir='ltr'><strong><em>ούδ</em></strong></span> <span class='ocrx_word' id='word_1_214' title='bbox 541 3159 580 3236; x_wconf 77' lang='grc' dir='ltr'><strong><em>αδ</em></strong></span> <span class='ocrx_word' id='word_1_215' title='bbox 604 3170 729 3259; x_wconf 83' lang='grc' dir='ltr'><strong><em>σφόδρα</em></strong></span> <span class='ocrx_word' id='word_1_216' title='bbox 754 3166 855 3248; x_wconf 84' lang='grc' dir='ltr'><strong><em>ούτως</em></strong></span> <span class='ocrx_word' id='word_1_217' title='bbox 877 3163 1084 3253; x_wconf 77' lang='grc' dir='ltr'><strong><em>α’ναίσχυντος</em></strong></span> <span class='ocrx_word' id='word_1_218' title='bbox 1108 3166 1191 3236; x_wconf 82' lang='grc' dir='ltr'><strong><em>ὥστε</em></strong></span> <span class='ocrx_word' id='word_1_219' title='bbox 1214 3170 1327 3256; x_wconf 86' lang='grc' dir='ltr'><strong><em>παρών</em></strong></span> 
     </span>
     <span class='ocr_line' id='line_1_28' title="bbox 285 3265 1328 3366; baseline 0 -23"><span class='ocrx_word' id='word_1_220' title='bbox 285 3265 311 3364; x_wconf 77' lang='grc' dir='ltr'><em>ᾧ</em></span> <span class='ocrx_word' id='word_1_221' title='bbox 343 3277 380 3344; x_wconf 86' lang='grc' dir='ltr'><strong><em>τὸ</em></strong></span> <span class='ocrx_word' id='word_1_222' title='bbox 408 3289 515 3343; x_wconf 88' lang='grc' dir='ltr'><strong><em>ποιεῖν</em></strong></span> <span class='ocrx_word' id='word_1_223' title='bbox 549 3270 641 3364; x_wconf 57' lang='lat' dir='ltr'><strong><em>mist)</em></strong></span> <span class='ocrx_word' id='word_1_224' title='bbox 677 3269 849 3361; x_wconf 81' lang='grc' dir='ltr'><strong><em>ύναγκαῖον</em></strong></span> <span class='ocrx_word' id='word_1_225' title='bbox 883 3277 987 3364; x_wconf 82' lang='grc' dir='ltr'><strong><em>τούτῳ</em></strong></span> <span class='ocrx_word' id='word_1_226' title='bbox 1018 3279 1051 3342; x_wconf 78' lang='grc' dir='ltr'><strong><em>δὲ</em></strong></span> <span class='ocrx_word' id='word_1_227' title='bbox 1080 3277 1125 3366; x_wconf 80' lang='grc' dir='ltr'><strong><em>μη</em></strong></span> <span class='ocrx_word' id='word_1_228' title='bbox 1153 3289 1328 3360; x_wconf 83' lang='grc' dir='ltr'><strong><em>συμπονεῖν</em></strong></span> 
     </span>
     <span class='ocr_line' id='line_1_29' title="bbox 287 3382 422 3450; baseline 0 -1"><span class='ocrx_word' id='word_1_229' title='bbox 287 3382 422 3450; x_wconf 73' lang='grc' dir='ltr'><strong><em>ἐθέλειν.</em></strong></span> 
     </span>
    </p>

    <p class='ocr_par' dir='ltr' id='par_1_12' title="bbox 197 3483 1328 3683">
     <span class='ocr_line' id='line_1_30' title="bbox 197 3483 1328 3579; baseline -0.002 -21"><span class='ocrx_word' id='word_1_230' title='bbox 197 3493 280 3558; x_wconf 87' lang='lat' dir='ltr'>Xen.</span> <span class='ocrx_word' id='word_1_231' title='bbox 302 3483 403 3579; x_wconf 66' lang='grc' dir='ltr'><strong><em>Ἄμησ.</em></strong></span> <span class='ocrx_word' id='word_1_232' title='bbox 431 3500 458 3576; x_wconf 84' lang='grc'><strong><em>7,</em></strong></span> <span class='ocrx_word' id='word_1_233' title='bbox 485 3500 503 3558; x_wconf 77' lang='lat'><strong>2</strong></span> <span class='ocrx_word' id='word_1_234' title='bbox 538 3496 587 3569; x_wconf 85' lang='grc' dir='ltr'><strong><em>τῖς</em></strong></span> <span class='ocrx_word' id='word_1_235' title='bbox 613 3490 674 3577; x_wconf 74' lang='grc' dir='ltr'><strong><em>γὰρ</em></strong></span> <span class='ocrx_word' id='word_1_236' title='bbox 708 3487 747 3558; x_wconf 80' lang='grc' dir='ltr'><strong><em>δν</em></strong></span> <span class='ocrx_word' id='word_1_237' title='bbox 782 3489 934 3579; x_wconf 71' lang='grc' dir='ltr'><strong><em>ἐθέλησεν</em></strong></span> <span class='ocrx_word' id='word_1_238' title='bbox 968 3484 1123 3557; x_wconf 71' lang='grc' dir='ltr'><strong><em>α’πειθεῖν</em></strong></span> <span class='ocrx_word' id='word_1_239' title='bbox 1159 3483 1239 3575; x_wconf 79' lang='grc' dir='ltr'><strong><em>δρών</em></strong></span> <span class='ocrx_word' id='word_1_240' title='bbox 1273 3490 1328 3556; x_wconf 84' lang='grc' dir='ltr'><strong><em>τὸν</em></strong></span> 
     </span>
     <span class='ocr_line' id='line_1_31' title="bbox 287 3597 655 3683; baseline 0.003 -21"><span class='ocrx_word' id='word_1_241' title='bbox 287 3599 419 3683; x_wconf 71' lang='grc' dir='ltr'><strong><em>βασιλέα</em></strong></span> <span class='ocrx_word' id='word_1_242' title='bbox 442 3597 655 3681; x_wconf 74' lang='grc' dir='ltr'><strong><em>πειθόμενον,·</em></strong></span> 
     </span>
    </p>
   </div>
   <div class='ocr_carea' id='block_1_4' title="bbox 154 3724 1329 4020">
    <p class='ocr_par' dir='ltr' id='par_1_13' title="bbox 154 3724 1329 4020">
     <span class='ocr_line' id='line_1_32' title="bbox 242 3724 1328 3806; baseline 0 -17"><span class='ocrx_word' id='word_1_243' title='bbox 242 3725 288 3790; x_wconf 77' lang='lat' dir='ltr'><strong><em>At</em></strong></span> <span class='ocrx_word' id='word_1_244' title='bbox 310 3725 410 3789; x_wconf 81' lang='lat' dir='ltr'><strong>multo</strong></span> <span class='ocrx_word' id='word_1_245' title='bbox 434 3724 535 3790; x_wconf 84' lang='lat' dir='ltr'><strong>maior</strong></span> <span class='ocrx_word' id='word_1_246' title='bbox 559 3728 611 3789; x_wconf 82' lang='lat' dir='ltr'><strong><em>est</em></strong></span> <span class='ocrx_word' id='word_1_247' title='bbox 642 3744 792 3790; x_wconf 84' lang='lat' dir='ltr'><strong>numerus</strong></span> <span class='ocrx_word' id='word_1_248' title='bbox 821 3744 929 3790; x_wconf 83' lang='lat' dir='ltr'><strong>eorum</strong></span> <span class='ocrx_word' id='word_1_249' title='bbox 951 3724 1066 3789; x_wconf 85' lang='lat' dir='ltr'><strong>Dionis</strong></span> <span class='ocrx_word' id='word_1_250' title='bbox 1094 3724 1243 3806; x_wconf 81' lang='lat' dir='ltr'><strong><em>locorum,</em></strong></span> <span class='ocrx_word' id='word_1_251' title='bbox 1272 3725 1328 3806; x_wconf 86' lang='lat' dir='ltr'><strong><em>qui</em></strong></span> 
     </span>
     <span class='ocr_line' id='line_1_33' title="bbox 154 3831 1329 3913; baseline -0.002 -15"><span class='ocrx_word' id='word_1_252' title='bbox 154 3834 290 3898; x_wconf 80' lang='lat' dir='ltr'>redeunt</span> <span class='ocrx_word' id='word_1_253' title='bbox 314 3832 355 3896; x_wconf 84' lang='lat' dir='ltr'><strong><em>ad</em></strong></span> <span class='ocrx_word' id='word_1_254' title='bbox 379 3831 480 3896; x_wconf 84' lang='lat' dir='ltr'><strong>solum</strong></span> <span class='ocrx_word' id='word_1_255' title='bbox 505 3832 760 3911; x_wconf 81' lang='lat' dir='ltr'><strong>Xenophontem.</strong></span> <span class='ocrx_word' id='word_1_256' title='bbox 808 3833 903 3897; x_wconf 85' lang='lat' dir='ltr'>Hunc</span> <span class='ocrx_word' id='word_1_257' title='bbox 927 3831 981 3913; x_wconf 90' lang='lat' dir='ltr'><strong><em>qui</em></strong></span> <span class='ocrx_word' id='word_1_258' title='bbox 1004 3831 1056 3895; x_wconf 83' lang='lat' dir='ltr'><strong><em>vel</em></strong></span> <span class='ocrx_word' id='word_1_259' title='bbox 1080 3831 1187 3896; x_wconf 80' lang='lat' dir='ltr'><strong>obiter</strong></span> <span class='ocrx_word' id='word_1_260' title='bbox 1208 3831 1329 3912; x_wconf 74' lang='lat' dir='ltr'><strong>legerit</strong></span> 
     </span>
     <span class='ocr_line' id='line_1_34' title="bbox 154 3936 1329 4020; baseline -0.002 -15"><span class='ocrx_word' id='word_1_261' title='bbox 154 3958 225 4005; x_wconf 77' lang='lat' dir='ltr'><strong><em>eum</em></strong></span> <span class='ocrx_word' id='word_1_262' title='bbox 260 3938 401 4020; x_wconf 81' lang='lat' dir='ltr'>effugere</span> <span class='ocrx_word' id='word_1_263' title='bbox 436 3957 499 4003; x_wconf 86' lang='lat' dir='ltr'><strong><em>non</em></strong></span> <span class='ocrx_word' id='word_1_264' title='bbox 533 3942 643 4019; x_wconf 79' lang='lat' dir='ltr'><strong>potest</strong></span> <span class='ocrx_word' id='word_1_265' title='bbox 677 3957 798 4003; x_wconf 81' lang='lat' dir='ltr'><strong>summo</strong></span> <span class='ocrx_word' id='word_1_266' title='bbox 835 3936 941 4002; x_wconf 79' lang='lat' dir='ltr'><strong>studio</strong></span> <span class='ocrx_word' id='word_1_267' title='bbox 977 3938 1106 4002; x_wconf 82' lang='lat' dir='ltr'><strong>deorum</strong></span> <span class='ocrx_word' id='word_1_268' title='bbox 1140 3942 1259 4002; x_wconf 78' lang='lat' dir='ltr'><strong>metum</strong></span> <span class='ocrx_word' id='word_1_269' title='bbox 1294 3946 1329 4003; x_wconf 81' lang='lat' dir='ltr'><strong><em>et</em></strong></span> 
     </span>
    </p>
   </div>
   <div class='ocr_carea' id='block_1_5' title="bbox 155 4157 1328 4327">
    <p class='ocr_par' dir='ltr' id='par_1_14' title="bbox 155 4157 1328 4327">
     <span class='ocr_line' id='line_1_35' title="bbox 226 4157 1328 4238; baseline 0.002 -18"><span class='ocrx_word' id='word_1_270' title='bbox 226 4169 253 4238; x_wconf 87' lang='lat'><strong><em>*)</em></strong></span> <span class='ocrx_word' id='word_1_271' title='bbox 272 4159 322 4221; x_wconf 75' lang='grc' dir='ltr'><strong><em>οὐκ</em></strong></span> <span class='ocrx_word' id='word_1_272' title='bbox 342 4167 418 4221; x_wconf 85' lang='lat' dir='ltr'>codd.</span> <span class='ocrx_word' id='word_1_273' title='bbox 437 4183 491 4221; x_wconf 88' lang='lat' dir='ltr'><strong><em>non</em></strong></span> <span class='ocrx_word' id='word_1_274' title='bbox 510 4167 619 4232; x_wconf 80' lang='lat' dir='ltr'>habent,</span> <span class='ocrx_word' id='word_1_275' title='bbox 645 4168 692 4221; x_wconf 83' lang='lat' dir='ltr'><strong><em>sed</em></strong></span> <span class='ocrx_word' id='word_1_276' title='bbox 715 4172 790 4222; x_wconf 81' lang='lat' dir='ltr'>recte</span> <span class='ocrx_word' id='word_1_277' title='bbox 815 4171 930 4220; x_wconf 78' lang='lat' dir='ltr'>annotat</span> <span class='ocrx_word' id='word_1_278' title='bbox 952 4166 1053 4221; x_wconf 86' lang='lat' dir='ltr'><strong>Reiske</strong></span> <span class='ocrx_word' id='word_1_279' title='bbox 1083 4167 1157 4234; x_wconf 85' lang='lat' dir='ltr'>,sine</span> <span class='ocrx_word' id='word_1_280' title='bbox 1176 4166 1257 4221; x_wconf 87' lang='lat' dir='ltr'><strong>dubio</strong></span> <span class='ocrx_word' id='word_1_281' title='bbox 1277 4157 1328 4222; x_wconf 76' lang='grc' dir='ltr'><strong><em>οὔκ</em></strong></span> 
     </span>
     <span class='ocr_line' id='line_1_36' title="bbox 155 4245 674 4327; baseline 0 -19"><span class='ocrx_word' id='word_1_282' title='bbox 155 4245 310 4327; x_wconf 78' lang='grc' dir='ltr'><strong><em>ύναμκαῖον</em></strong></span> <span class='ocrx_word' id='word_1_283' title='bbox 330 4261 373 4311; x_wconf 74' lang='lat' dir='ltr'><strong><em>est</em></strong></span> <span class='ocrx_word' id='word_1_284' title='bbox 392 4271 452 4310; x_wconf 79' lang='lat' dir='ltr'><strong><em>cum</em></strong></span> <span class='ocrx_word' id='word_1_285' title='bbox 471 4255 584 4310; x_wconf 78' lang='lat' dir='ltr'>Casaub.</span> <span class='ocrx_word' id='word_1_286' title='bbox 604 4256 674 4326; x_wconf 77' lang='lat' dir='ltr'><strong>leg.“</strong></span> 
     </span>
    </p>
   </div>
   <div class='ocr_carea' id='block_1_6' title="bbox 0 0 1486 4980">
    <p class='ocr_par' dir='ltr' id='par_1_15' title="bbox 0 0 1486 4980">
     <span class='ocr_line' id='line_1_37' title="bbox 0 0 1486 4980; baseline 0 0"><span class='ocrx_word' id='word_1_287' title='bbox 0 0 1486 4980; x_wconf 95' lang='lat' dir='ltr'><strong><em> </em></strong></span> 
     </span>
    </p>
   </div>
  </div>
 </body>
</html>
