2964 4980
713 377 936 437 ..10-

315 566 396 630 ¹Reu
419 566 534 631 deinde
557 564 734 632 virtutibus
751 567 869 632 ceteris
892 567 1074 633 hominibus
1090 573 1247 649 praestet.
1278 570 1411 636 Platoni

236 671 478 737 aristocratiam
502 673 650 738 laudanti
672 673 706 737 id
729 673 858 754 plaeere
890 674 1096 739 manifestum
1129 680 1189 757 est,
1219 695 1278 740 neo
1306 675 1412 741 minus

235 777 417 861 Aristoteli,
441 779 566 845 videbis
591 799 631 844 ne
647 779 893 860 Xenophontem
912 780 1038 862 quidem
1055 782 1297 862 Isocratemque
1314 782 1413 848 aliter

236 903 304 949 rem
328 905 363 950 se
386 887 507 950 habere
531 887 626 952 velle.

236 1009 335 1074 Isoor.
361 1016 434 1071 Νικ.
461 1014 504 1074 34
526 1011 555 1075 d.
610 1008 692 1095 πρὸς
715 1019 788 1074 Νικ.
817 1017 856 1074 17
880 1031 909 1075 a.
961 1011 1044 1075 Xan.
1070 1019 1107 1073 K.
1133 1010 1221 1074 παιδ.
1246 1013 1272 1094 Ι,
1302 1019 1331 1095 6,
1358 1019 1410 1078 22.

370 1116 443 1198 VII,
470 1122 498 1191 5,
525 1123 575 1181 78.
624 1123 653 1199 5,
678 1123 729 1182 83.
778 1118 870 1201 VIII,
898 1123 925 1200 1,
951 1123 1002 1182 37.

326 1239 423 1304 Cuius
454 1240 543 1322 regis
571 1240 796 1322 praestantiae
828 1261 983 1306 summum
1013 1247 1065 1308 est
1094 1262 1129 1307 se
1159 1242 1265 1324 ipsum
1297 1261 1413 1324 regere

237 1345 452 1428 libidinesque
476 1366 632 1412 coercere.

237 1470 332 1535 Plato
356 1471 429 1534 πολ.
456 1478 519 1538 580
544 1473 568 1537 O
591 1471 799 1556 βασιλεύοντα
824 1465 931 1537 αδτοῦ.

282 1578 365 1643 Xen.
382 1570 483 1665 Ὰμὴσ.
512 1586 561 1662 10,
580 1587 598 1644 2
623 1580 677 1643 καὶ
700 1578 760 1666 μδρ
783 1579 819 1668 δὴ
844 1572 899 1661 οδχ
923 1575 1024 1656 οὕτως
1047 1577 1103 1644 ἐπὶ
1126 1589 1172 1666 τῶ
1196 1573 1298 1645 ἄλλων
1318 1585 1414 1663 βασι-

371 1684 475 1749 λεύειν
499 1678 542 1761 ῶς
566 1684 622 1751 ἐπὶ
644 1696 689 1773 τῶ
714 1685 827 1751 ἑαυτοῦ
851 1680 958 1772 ἄρχειν
982 1684 1199 1771 ἐμεγαλύνετο.

205 1814 207 1819 ·
283 1793 382 1858 Isoor.
408 1791 488 1878 πρὸς
503 1802 577 1856 Νικ.
597 1801 637 1858 20
654 1796 675 1860 d
694 1787 770 1880 δρχε
794 1803 911 1857 σαυτοῦ
935 1793 1029 1880 μηδὲν
1053 1783 1145 1879 ἡττον
1169 1790 1188 1882 ἡ
1212 1803 1276 1857 τῶν
1299 1787 1413 1858 ἄλλων.

240 1917 335 1982 Plato
359 1918 431 1981 πολ,
458 1924 520 1983 389
545 1921 575 1984 D
599 1911 706 2005 δρχειν
742 1912 868 2005 ἡδονῶν.
916 1924 979 1983 431
1005 1921 1035 1984 Ι)
1065 1923 1199 2003 κρείττω
1230 1911 1349 2006 ἡδονῶν
1380 1943 1416 1981 τε

373 2025 427 2086 καὶ
456 2022 644 2107 ἐπιθυμιῶν
666 2026 721 2088 καὶ
744 2017 841 2112 αδτὴν
864 2018 969 2112 αδτὴς.
1027 2032 1091 2090 590
1115 2026 1139 2091 C
1164 2018 1271 2112 ἄρχειν
1294 2034 1359 2102 τῶν
1383 2022 1422 2089 ἐν’

373 2123 459 2216 αὑτῶ
483 2131 692 2218 θρεμμάτων.

284 2238 368 2302 Xen.
393 2247 430 2301 K.
456 2238 544 2302 παιδ.
566 2240 623 2324 IV,
641 2247 671 2323 2,
687 2245 729 2304 45
754 2238 890 2325 γαστρὸς
913 2243 1073 2324 κρείττους
1098 2236 1179 2303 εἶναι
1203 2239 1257 2302 καὶ
1280 2238 1417 2324 κερδέων

374 2336 523 2430 ιῖκαίρων.

285 2453 383 2517 Isocr.
408 2445 508 2537 Εδαμ.
537 2460 636 2519 lena
662 2446 835 2538 ἡγούμενος
857 2461 921 2517 τῶν
943 2445 1070 2540 ἡδονῶν,
1095 2444 1164 2515 αλλ)
1182 2443 1238 2515 οδκ
1261 2443 1418 2535 ἀγόμενος

381 2551 390 2574 C
421 2553 431 2576 J
485 2551 494 2576 J
529 2569 542 2579 m

373 2583 421 2623 υπ
455 2585 569 2624 αυτων.

242 2685 338 2750 Plato
362 2685 434 2748 πολ.
459 2691 523 2750 485
548 2696 579 2749 Ε
601 2679 720 2772 οδδαμὴ
746 2685 989 2772 φιλοχρήματος.
1104 2650 1105 2653 ἡ

285 2792 369 2856 Xen.
387 2783 488 2879 ᾌμὴσ.
513 2798 543 2876 4,
568 2798 589 2857 4
613 2790 781 2877 ἐγκράτεια
802 2791 981 2878 χρημάτων.

330 2901 407 2965 Jam
429 2919 465 2965 re
489 2919 568 2967 vera
590 2899 680 2966 urbis
705 2899 929 2981 hominumque
952 2917 1066 2963 amans
1090 2899 1218 2964 evadet.

242 3024 337 3090 Plato
362 3025 434 3088 πολ.
461 3031 523 3091 502
548 3034 578 3088 E
602 3021 813 3112 φἰλοπδλιδάς
833 3047 868 3087 τε
894 3026 1084 3109 (μαίνεσθαι.

289 3131 372 3195 Xen.
395 3122 490 3218 λγὴσ.
518 3138 545 3216 7,
573 3139 588 3197 1
616 3130 797 3219 φιλόπολις.
845 3139 883 3194 Κ.
908 3128 997 3193 παιδ.
1014 3130 1041 3214 Ι,
1067 3136 1130 3213 2,1
1160 3128 1263 3214 ψυχὴν
1284 3128 1317 3192 δὲ
1342 3129 1419 3214 ιμλ-

376 3237 641 3323 ανδρωπότατος.

287 3345 386 3411 Isoor.
412 3343 493 3431 πρὸς
517 3354 590 3409 Νικ.
618 3353 656 3411 17
681 3366 699 3411 e
725 3345 962 3432 φιλάνθρωπος
985 3346 1039 3407 καὶ
1064 3342 1245 3430 φιλόπολις.

332 3472 399 3536 Neo
437 3470 508 3536 fieri
538 3475 657 3554 potest,
696 3471 771 3552 quin
807 3472 908 3536 talem
947 3489 1056 3551 regem
1093 3487 1216 3533 summa
1250 3466 1421 3533 beatitudo

245 3581 408 3657 sequatur.

245 3701 340 3766 Plato
364 3702 437 3765 πολ.
466 3693 532 3768 353
561 3713 591 3767 E
618 3696 716 3790 ἡμὲν
739 3697 801 3788 ἄρα
830 3702 937 3766 δικαιά
964 3698 1047 3785 ψυχὴ
1071 3702 1124 3761 καλ
1153 3690 1169 3760 δ
1193 3697 1315 3772 δι’καιος
1342 3689 1422 3783 οἷνὴρ

379 3797 412 3872 εὖ
435 3808 600 3891 βιώσεται,
625 3819 729 3886 κακῶς
752 3809 785 3873 δὲ
809 3803 825 3872 δ
849 3802 965 3889 ἄδικος.

291 3917 375 3982 Xon.
407 3926 443 3980 K.
473 3917 562 3980 παιδ.
587 3919 649 4001 ΙΙΙ,
675 3923 703 4000 3,
729 3923 769 3981 53
809 3914 883 3990 τοὺς
916 3914 974 3995 μὲν
1012 3905 1160 3998 ιῖγαθοδς
1194 3912 1248 3975 καὶ
1283 3903 1422 3986 εὐκλεεῖς

380 4016 683 4105 εὐδαιμονεστάτους
715 4032 760 4109 τῶ
797 4016 864 4086 δντι
898 4019 1047 4102 νομίζειν,
1072 4017 1146 4096 τοὺς
1174 4018 1207 4082 δὲ’
1229 4015 1343 4092 κακοὺς
1367 4018 1422 4079 καὶ

380 4131 539 4206 δυσκλεεῖς
562 4123 788 4207 οἷδλιωτοίτους
811 4122 964 4193 ἁπάντων
987 4121 1150 4212 ἡγεῖσθαι.

337 4238 461 4306 Civium
493 4245 601 4303 autem
629 4239 671 4303 ad
701 4258 796 4303 uuum
824 4236 959 4318 quisque
988 4234 1126 4301 officium
1151 4232 1292 4297 animum
1315 4230 1421 4294 inten-

199 4379 201 4382 <
249 4345 326 4411 dito.
