2964 4980
712 399 907 458 Μς..

225 590 394 670 phrastum
428 590 512 654 hanc
543 589 763 671 quaestionem
803 593 982 654 moverunt.
1040 590 1152 672 Neque
1187 590 1270 654 enim
1305 589 1400 655 hodie

224 696 376 777 leguntur
410 715 508 777 opera
543 697 728 762 Heraclidis
763 695 890 760 Pontici
928 695 1003 777 περὶ
1038 704 1093 782 τῆς
1127 687 1222 782 αρχῆς
1256 700 1290 760 et
1324 696 1400 781 περὶ

224 800 348 882 νόμιον,
366 801 530 867 Stratonis
547 802 761 883 Lampsaceni
782 801 857 883 περὶ
881 793 978 885 α’ρχῆς
1000 808 1034 866 et
1057 803 1133 888 περὶ
1155 802 1319 885 βασιλείας
1343 808 1401 867 aut

226 910 404 976 Stoicorum
422 909 562 974 Zenonis
579 909 734 974 Citiensis
758 907 833 993 περὶ
857 909 1031 986 πολιτείας,
1056 909 1192 974 Persaei
1207 909 1282 992 περὶ
1305 913 1399 991 βασι-

224 1017 311 1093 λείας
334 1023 369 1083 et
392 1016 540 1081 πολιτεία
557 1014 737 1100 Λακωνική.
772 1015 895 1081 Maiore
919 1016 1072 1097 temporis
1097 1016 1204 1097 spatio
1219 1016 1398 1098 interlapso

224 1124 317 1189 Philo
340 1125 485 1190 Judaeus
508 1126 577 1204 βίον
600 1121 768 1185 πολιτικοῦ
792 1123 896 1187 adhuc
920 1127 1084 1189 servatum
1114 1122 1254 1203 scripsit.
1303 1125 1400 1188 Haud

224 1231 323 1296 multo
340 1235 413 1312 post
430 1230 554 1294 Seneca
578 1229 784 1310 complurium
802 1248 931 1310 operum
948 1229 1050 1295 variis
1067 1230 1145 1295 locis
1167 1230 1271 1295 latina
1287 1230 1400 1312 lingua

224 1357 300 1402 usus
328 1357 396 1402 rem
426 1336 590 1420 disseruit,
621 1354 715 1417 quem
742 1337 802 1401 hoc
832 1335 952 1417 scripto
983 1356 1047 1401 non
1078 1336 1302 1402 tractabimus.
1351 1339 1400 1402 Ac

224 1463 263 1508 ne
294 1446 507 1526 panegyricos
543 1443 670 1525 quidem
707 1442 836 1525 latinos
874 1443 929 1523 qui
959 1463 1017 1524 per
1051 1444 1234 1524 posteriora
1268 1445 1399 1510 saecula

225 1549 364 1631 dispersi
388 1552 427 1615 de
450 1551 512 1615 hac
534 1569 570 1614 re
589 1546 739 1632 egerunt,
764 1548 947 1631 quaestioni
970 1550 1044 1614 huic
1067 1550 1300 1615 adhibebimus.
1332 1551 1399 1616 Sub

223 1656 318 1721 finem
358 1656 473 1721 deinde
508 1656 603 1738 primi
637 1661 671 1720 et
705 1655 798 1721 initio
837 1655 969 1720 secundi
1002 1677 1032 1737 p.
1069 1656 1143 1720 Chr.
1181 1656 1302 1721 saeculi
1336 1658 1407 1722 Dio>

224 1763 473 1856 Chrysostomus
506 1769 539 1827 et
562 1762 757 1828 Plutarchus
788 1765 827 1827 de
856 1763 917 1827 hac
944 1782 980 1826 re
1010 1761 1186 1843 scriptores
1210 1763 1397 1827 floruerunt.

223 1871 331 1950 Atque
354 1872 436 1934 bono
459 1869 569 1935 evenit
593 1889 680 1952 casu,
704 1876 740 1934 ut
764 1874 799 1933 et
820 1867 909 1933 illius
932 1868 1008 1952 περὶ
1031 1869 1195 1951 βασιλείας
1219 1870 1398 1950 complures

223 1975 397 2059 orationes,
424 1980 584 2062 Διογένην,
602 1969 823 2060 Ἀγαμέμνονα,
850 1979 996 2059 Νέστορα
1021 1975 1141 2041 similia
1157 1980 1340 2041 tractantes
1364 1981 1399 2041 et

222 2083 316 2147 huius
340 2081 490 2146 πολιτικοὶ
517 2083 776 2168 παραγγέλματα,
808 2082 883 2167 περὶ
906 2086 1078 2168 μοναρχίας
1105 2083 1159 2145 καὶ
1187 2081 1398 2168 δημοκρατίας

223 2189 277 2251 καὶ
310 2180 500 2275 ὀλιγαρχίας,
534 2184 583 2253 ὅτι
613 2188 755 2271 μάλιστα
785 2201 854 2265 τοῖς
882 2182 1015 2275 ἡγεμόσι
1048 2188 1096 2252 δεῖ
1128 2187 1182 2254 τὸν
1217 2187 1398 2276 φιλόσοφον
1468 2229 1470 2231 ·

223 2296 440 2380 διαλέγεσθαι,
458 2295 538 2382 πρὸς
554 2289 691 2382 ἡγεμόνα
707 2288 910 2373 οἷπαίδεατον,
929 2295 957 2360 εί
974 2300 1176 2381 πρεσβυτέρῳ
1193 2296 1397 2359 πολιτευτέον

222 2402 256 2468 in
290 2403 438 2468 manibus
472 2404 658 2469 habeamus.
707 2403 852 2468 Secundo
888 2405 1016 2469 saeculo
1047 2422 1141 2484 porro
1170 2404 1213 2466 M.
1245 2402 1396 2468 Aurelius

222 2512 404 2575 Antoninus
428 2508 467 2572 τὰ
493 2509 539 2585 εἰς1
563 2507 674 2573 ἑαυτόν
697 2510 818 2576 litteris
842 2510 1010 2577 mandavit
1039 2515 1073 2575 et
1096 2508 1208 2575 Aelius
1231 2509 1396 2575 Aristides

222 2616 298 2702 περὶ
320 2617 484 2699 βασιλείας
507 2617 685 2682 orationem
701 2617 824 2700 habuit,
849 2635 932 2698 quae
956 2617 1080 2698 scripta
1103 2621 1137 2682 et
1159 2616 1232 2697 ipsa
1252 2622 1394 2691 exstant.

221 2723 353 2788 Diutius
385 2724 500 2789 deinde
528 2741 582 2788 res
610 2724 764 2806 cessavit,
794 2725 867 2789 dum
892 2730 1008 2806 quarto
1032 2745 1062 2804 p.
1088 2725 1161 2788 Chr.
1188 2724 1316 2788 saeculo
1341 2742 1395 2787 ex-

222 2829 387 2913 stiterunt,
418 2830 473 2911 qui
501 2829 590 2911 regis
618 2830 759 2896 virtutes
790 2830 902 2910 quales
932 2836 1053 2912 essent,
1077 2835 1261 2895 tractarent
1284 2835 1318 2894 et
1342 2831 1394 2894 de-

220 2937 410 3002 scriberent.
458 2939 566 3019 Atque
593 2936 762 3018 permultis
792 2954 860 2999 rem
892 2935 1091 3000 orationibus
1127 2936 1281 3001 discussit
1311 2937 1394 3000 The-

219 3043 347 3109 mistius
388 3046 430 3109 ad
473 3043 652 3124 complures
688 3042 838 3124 deinceps
873 3042 1086 3123 imperatores
1126 3043 1223 3126 datis,
1261 3043 1394 3125 eiusque

220 3150 395 3231 discipulus
431 3151 588 3217 Libanius
624 3155 658 3215 et
695 3150 765 3231 ipse
800 3150 882 3214 talia
916 3149 1053 3231 peregit.
1113 3152 1213 3233 Quem
1248 3150 1395 3230 sequitur

219 3257 371 3323 Julianus
389 3257 578 3340 discipulus,
602 3257 656 3338 qui
673 3256 806 3338 scripsit
830 3254 985 3340 ἐγκώμιον
1009 3256 1089 3342 πρὸςΙ
1105 3255 1159 3320 τὸν
1175 3248 1393 3340 αὐτοκράτορα

219 3362 451 3440 Κωνστοίντιον,
481 3363 557 3447 περὶ
583 3363 756 3446 βασιλείας,
794 3361 875 3448 πρὸς
908 3360 963 3448 τὴν
1000 3365 1189 3446 βασίλισσαν
1225 3354 1392 3444 Εὐσεβίαν.

220 3470 361 3535 Strinxit
384 3470 417 3535 id
441 3471 523 3551 quod
554 3490 702 3535 curamus
733 3471 937 3551 perbreviter
960 3471 1103 3536 Basilius
1130 3472 1269 3552 Magnus
1300 3489 1393 3550 opus-

219 3578 289 3643 culo
314 3577 389 3662 περὶ
413 3569 509 3663 αρχῆς
532 3578 586 3639 καὶ
610 3575 754 3653 ἐξουσίας
776 3578 943 3659 inscripto.
990 3579 1037 3642 Et
1064 3577 1187 3642 claudit
1211 3595 1327 3658 agmen
1355 3616 1390 3622 -

219 3685 431 3750 Claudianum
460 3684 544 3749 enim
573 3691 610 3749 ut
633 3690 761 3765 poetam
784 3685 920 3750 latinum
944 3686 1006 3749 hac
1030 3683 1249 3764 disputatione
1273 3684 1392 3748 omitti-

219 3811 289 3856 mus
309 3831 344 3836 —
365 3791 523 3873 Synesius
547 3791 602 3856 ille
626 3791 833 3874 Cyrenaicus,
859 3792 913 3873 qui
937 3792 996 3856 sub
1020 3791 1115 3855 finem
1137 3790 1246 3872 quarti
1271 3790 1393 3855 saeculi

219 3900 304 3979 apud
326 3898 502 3964 Arcadium
525 3918 635 3980 regem
659 3900 698 3964 de
721 3917 822 3979 regno
846 3898 1025 3963 orationem
1048 3897 1172 3962 habuit.

307 4042 415 4121 Atque
443 4041 545 4121 primo
575 4041 688 4106 statim
717 4045 852 4122 aspectu
879 4040 1047 4122 intelligas
1077 4059 1185 4105 omnes
1214 4041 1272 4103 hos
1303 4038 1391 4104 viros

218 4147 252 4210 in
293 4148 354 4212 duo
397 4166 519 4229 genera
561 4166 634 4212 esse
672 4147 922 4230 distribuendos,
953 4147 1091 4212 alterum
1122 4166 1239 4228 eorum,
1276 4145 1391 4226 quibus

218 4253 323 4334 prima
347 4253 391 4319 sit
408 4254 565 4336 quaestio,
590 4271 672 4334 quae
689 4254 810 4335 optima
826 4253 875 4319 rei
890 4254 1039 4335 publicae
1054 4254 1158 4320 forma
1175 4252 1227 4335 sit,
1252 4253 1390 4316 alterum

221 4379 339 4445 eorum,
368 4359 424 4442 qui
462 4362 524 4426 hac
557 4361 747 4444 quaestione
786 4360 906 4426 omissa
941 4361 1079 4444 optimus
1113 4380 1172 4426 rex
1207 4357 1312 4443 qualis
1347 4358 1393 4424 sit
