2964 4980
533 410 753 470 ..39-

55 599 131 666 Lib.
156 602 218 666 Vol.
243 602 269 684 I,
295 607 368 683 568,
395 607 436 666 14
466 589 553 664 οὗτοι
576 604 682 665 τοίνυν
712 599 741 665 οἱ
765 601 921 684 βασιλέως
945 593 1115 688 ὀφθαλμοί
1143 602 1229 667 redit

192 708 234 772 ad
274 708 528 790 Xenophontem,
568 708 714 792 Dionem,
754 708 965 774 Aristotelem
1002 707 1110 793 (huius
1145 709 1227 790 disp.

191 833 221 896 p.
248 820 289 878 24
312 814 381 901 in).

147 937 294 1003 Platonis
319 943 463 1004 sectator
486 943 598 1006 noster
621 945 685 1005 est:

55 1046 120 1111 vol.
138 1045 164 1128 I,
191 1051 264 1128 518,
288 1050 310 1109 4
334 1039 444 1130 ὥσπερ
468 1033 522 1109 οὖν
545 1037 714 1131 αἷνθρῶπηι
730 1056 876 1111 νοσοῦντι
899 1045 955 1133 τὴν
978 1045 1078 1132 ψυχὴν
1101 1050 1230 1131 μέμοντί

192 1176 226 1215 τε
249 1161 397 1238 πονηρῶν
425 1150 612 1234 ἐπιθυμιῶν
636 1163 779 1238 κρεῖττον
809 1146 969 1219 ἆπελθεῑν
992 1150 1011 1242 ἢ
1035 1153 1087 1241 ζῆν
1116 1178 1229 1238 τυραν-

192 1263 341 1340 νουμένου
365 1267 420 1323 τοῦ
445 1256 477 1323 ἓν
500 1269 539 1346 τῇ
566 1270 649 1346 loom
671 1261 831 1343 βελτίονος
855 1255 919 1325 ὑπὸ
941 1270 997 1324 του
1023 1261 1228 1347 φαυλοτέρου.

101 1367 187 1431 Plat.
206 1366 278 1430 πολ.
297 1373 359 1431 577
377 1368 407 1431 Ι)
432 1367 486 1429 καὶ
510 1368 628 1454 πολλῆς
651 1367 708 1449 μὲν
724 1368 867 1445 δουλείας
882 1392 918 1432 τε
936 1368 991 1431 καὶ
1006 1360 1231 1453 ἀνελευθερίας

191 1478 299 1557 γέμειν
314 1472 371 1560 την
390 1474 490 1560 ψυχὴν
507 1467 603 1538 αὐτοῦ
619 1476 672 1538 καὶ
685 1485 786 1539 ταυτα
799 1467 895 1563 αι’·της
910 1474 950 1539 τδ
966 1480 1046 1561 μέρη
1062 1473 1229 1553 δουλεύειν,

191 1577 275 1667 ἅπερ
300 1581 334 1668 ην
358 1578 592 1662 ἐπιεικέστατα,
622 1580 755 1668 σμικρὸν
783 1583 815 1647 δὲ
842 1583 897 1646 καὶ
923 1580 961 1649 τὸ
988 1581 1231 1668 μοχθηρότατον

191 1689 245 1751 καὶ
267 1687 489 1770 μανικώτατον
513 1688 693 1768 δεσπόζειν;

101 1796 174 1862 Lib.
200 1797 262 1863 Vol.
280 1798 306 1879 I,
332 1803 395 1860 518
419 1798 472 1861 fin.
498 1792 600 1882 ἥττων
623 1789 823 1883 δηνροδισίων
845 1798 899 1860 καὶ
924 1802 1031 1878 θυμοῦ
1052 1797 1106 1859 καὶ
1129 1789 1231 1872 ἄλλως

104 1890 106 1892 .
191 1902 381 1989 ταραχώδης.

102 2011 189 2076 Plat.
207 2011 280 2073 πολ.
299 2017 361 2075 577
376 2013 404 2075 Ε
429 2012 483 2074 καὶ
499 2004 517 2095 η
532 2016 760 2098 τυραννουμένη
776 2004 837 2096 ἄρα
857 2009 940 2098 ψυχὴ
959 2005 1074 2098 ἥκιστα
1089 2009 1229 2095 ποιησει,

193 2113 260 2180 'ocio
282 2117 434 2204 βουληθῇ,
461 2110 504 2194 ῶς
520 2118 595 2204 περὶ
619 2112 692 2204 ὅλης
715 2117 819 2183 εἰπεῖν
838 2127 948 2206 ψυχῆς·
972 2111 1038 2181 ὑπὸ
1054 2118 1086 2181 δὲ
1103 2115 1231 2202 οἴστρου

191 2215 243 2287 οίεὶ
274 2222 422 2311 ἑλκομένη
450 2229 504 2311 βίη
532 2233 669 2312 ταραχῆς
695 2225 749 2288 καὶ
772 2226 983 2307 μεταμελείας
1004 2222 1105 2312 μεστὴ
1129 2220 1229 2288 ἐ’σται.

102 2331 175 2396 Lib.
200 2332 262 2398 Vol.
287 2333 313 2414 I,
338 2337 412 2415 403,
440 2338 478 2397 13
518 2333 573 2395 καὶ
602 2324 656 2395 οὐκ
685 2329 782 2408 ἐάσας
817 2329 1059 2397 ἓνδυναστεῦσαι
1082 2340 1119 2417 τη
1146 2339 1231 2416 (baffi

167 2436 248 2523 ,τὴν
271 2438 460 2503 δεσποτείαν
484 2448 548 2504 τῶν
576 2432 694 2524 ἡδονῶν
722 2442 764 2506 ad
791 2444 956 2522 postrema
980 2439 1127 2507 Platonis
1158 2437 1230 2501 πολ.

194 2552 256 2610 577
282 2549 312 2611 D
336 2548 427 2612 modo
452 2548 556 2612 allata
579 2550 680 2613 verba
703 2547 906 2613 referendum
930 2552 991 2612 est.

103 2653 215 2718 Etiam
244 2653 278 2720 id
309 2655 391 2735 quod
419 2655 577 2720 Libanius
608 2654 710 2736 primo
738 2656 806 2720 loeo
836 2659 932 2736 putat
960 2659 1134 2736 tyrannum
1162 2652 1233 2720 vita

194 2762 348 2826 decedere
373 2780 467 2841 quam
491 2761 602 2827 vivere
625 2761 739 2827 melius
764 2780 836 2827 esse
861 2761 980 2843 optime
996 2759 1147 2827 convenit
1163 2778 1233 2824 eum

194 2867 342 2932 Platonis
372 2867 444 2930 πολ.
471 2875 533 2932 579
558 2871 588 2934 D
624 2867 847 2953 χαλεπώτερον
874 2865 923 2932 ἔτι
954 2866 989 2953 ζη
1019 2859 1036 2930 δ
1063 2874 1231 2951 τυραννῶν.

193 2974 233 3037 of.
259 2974 358 3038 etiam
381 2975 496 3040 Dionis
520 2994 550 3057 p.
575 2982 617 3040 48
642 2975 739 3059 (disp.
764 2994 794 3057 p.
823 2982 862 3040 16
886 2974 955 3060 in).

58 3079 131 3145 Lib.
157 3080 219 3145 vol.
245 3081 270 3162 Ι,
297 3086 360 3144 323
389 3088 427 3146 16
451 3083 504 3144 καὶ
532 3082 631 3165 μέλεος
656 3131 662 3145 .
690 3132 696 3144 .
723 3132 729 3144 .
755 3074 953 3166 οίπέρριπται

104 3185 220 3251 Dionis
238 3206 266 3269 p.
286 3194 325 3251 91
345 3185 486 3270 ἐκβαλεῖν
510 3183 554 3265 ὡς
577 3188 777 3275 monomachia
794 3238 800 3251 .
821 3239 827 3250 .
846 3238 852 3250 .
870 3186 1012 3272 με’λωτοίς
1035 3211 1068 3250 τε
1085 3178 1233 3269 α’κρατεῑςΙ

194 3295 248 3357 καὶ
270 3294 424 3387 Ιτοιουτου
451 3297 589 3379 γέλωτος
616 3295 754 3382 ποιητάς
814 3301 946 3377 praeter
975 3300 1101 3360 eeteros
1131 3292 1231 3379 (Plat.

193 3404 265 3465 πολ.
292 3410 355 3468 388
372 3406 411 3468 Ε.
437 3405 520 3469 Xen.
548 3413 585 3468 K.
611 3404 699 3468 παιδ.
726 3405 817 3487 VIII,
844 3409 871 3487 1,
897 3403 953 3488 33)
978 3402 1131 3483 sequitur.

57 3511 149 3575 Idem
173 3511 262 3576 eadit
285 3512 318 3575 in
342 3511 414 3577 Lib.
433 3513 496 3578 vol.
513 3515 539 3595 Ι,
565 3518 638 3595 278,
663 3519 682 3574 8
707 3520 778 3586 ταῖς
801 3519 866 3574 τῶν
889 3502 1070 3595 οἷρχσμένων
1094 3500 1233 3584 εὐνοίαις

194 3614 427 3704 ἕδορυφορεῑτο.

105 3725 167 3790 Dio
191 3745 220 3807 p.
247 3731 289 3790 54
317 3738 397 3789 ποῖα
427 3726 459 3790 δὲ
488 3721 573 3791 δπλα
602 3725 789 3812 βεβαιότερα
819 3726 873 3788 καὶ
907 3729 1041 3810 κρείττω
1076 3731 1132 3810 της
1165 3714 1233 3786 dal

194 3841 257 3896 τῶν
282 3825 454 3897 εὖνούντων
479 3834 634 3921 ηυλακης;
681 3834 720 3899 of.
739 3835 822 3899 Xen.
848 3841 886 3896 K.
911 3831 999 3895 παιδ.
1025 3832 1099 3914 VII,
1127 3836 1154 3912 l,
1180 3836 1231 3894 30.

196 3941 287 4023 VIII,
314 3947 341 4023 7,
369 3947 419 4005 13.
465 3942 603 4007 Aristot.
629 3941 700 4004 πολ.
727 3942 818 4023 VIII,
845 3945 895 4022 11,
921 3945 950 4003 5.

148 4066 200 4130 Ad
224 4065 359 4131 Dionem
383 4084 478 4147 porro
502 4065 664 4131 referendi
689 4071 765 4131 sunt
787 4064 863 4130 looi:

62 4171 134 4234 Lib.
163 4173 222 4237 vol.
247 4173 273 4255 I,
299 4179 372 4256 568,
400 4179 416 4236 7
441 4183 510 4248 τοῖς
533 4170 570 4236 τὸ
592 4171 733 4255 νόμισμα
756 4171 962 4258 διαφθείρειν
985 4168 1154 4249 τολμῶσιν.

106 4277 167 4342 Dio
191 4297 221 4360 p.
250 4285 310 4344 106
336 4281 388 4345 fin.
416 4274 499 4343 ὥστε
521 4278 603 4345 πολὺ
626 4290 731 4366 χεῖρον
755 4279 853 4366 δρῶσι
881 4286 945 4341 τῶν
975 4270 1234 4361 διαφθειρόντων

194 4384 231 4451 τὸ
255 4386 405 4472 νόμισμα.
