2964 4980
590 382 790 442 ..7-

106 574 270 656 inquirant
296 579 331 639 et
353 573 549 639 describant.
596 571 702 636 Priori
725 571 838 654 generi
861 571 1064 638 attribuendi
1087 578 1164 639 sunt
1183 574 1278 638 Plato

106 688 141 747 et
168 681 376 747 Aristoteles.
431 679 490 745 Sui
523 678 652 760 utrique
684 679 894 744 aristocratia
926 680 1048 760 optima
1080 680 1279 762 reipublicae

106 789 209 854 forma
232 788 362 856 videtur
396 807 479 870 esse,
514 787 548 852 id
582 791 634 851 est
657 805 696 850 ea
719 786 832 869 forma,
868 806 932 869 qua
966 787 1126 868 imperent
1160 787 1191 852 ei
1225 787 1280 870 qui

105 895 236 977 ingenio
279 900 313 960 et
346 895 488 961 moribus
522 897 701 975 praestent,
744 898 884 974 pareant
917 893 973 976 qui
1007 893 1178 959 inferiores
1214 894 1281 959 sint

107 1001 293 1067 virtutibus
341 1002 413 1084 Qua
440 1000 474 1065 in
505 1019 541 1065 re
564 999 779 1083 111111161611,
810 1005 917 1065 utrum
941 1020 1022 1065 unus
1046 1002 1138 1065 homo
1162 1001 1280 1066 ceteris

107 1108 253 1174 omnibus
292 1109 470 1173 antecellat
508 1127 549 1173 au
588 1108 697 1189 plures
732 1107 818 1172 inter
859 1126 894 1173 se
928 1127 1025 1189 pares
1061 1108 1128 1173 sint
1162 1108 1281 1173 ceteris

106 1214 374 1295 praestantiores.
423 1214 487 1279 Sed
522 1232 796 1295 supervacaneum
832 1214 877 1279 sit
905 1214 1089 1279 accuratius
1121 1234 1281 1296 exponere

107 1322 261 1401 quomodo
285 1321 319 1385 hi
335 1320 398 1388 viri
414 1321 567 1401 optimam
583 1340 650 1386 rem
674 1320 835 1402 publicam
851 1320 1115 1401 11111111161111;
1140 1321 1282 1386 sufficiat

108 1446 372 1506 commemorasse
397 1447 551 1493 summum
567 1427 661 1493 finem
685 1427 882 1509 reipublicae
906 1447 979 1493 esse
1003 1428 1142 1493 omnium
1165 1427 1282 1495 civium

107 1534 209 1601 vitam
232 1535 329 1616 plane
352 1538 492 1601 beatam.
519 1535 649 1600 Summa
672 1553 749 1601 vero
765 1534 933 1600 beatitudo
957 1539 1010 1600 est
1033 1553 1129 1616 quam
1144 1533 1283 1616 plurima

108 1660 302 1722 cognoscere
325 1642 511 1723 perspicere
534 1641 728 1723 intelligere,
753 1642 836 1706 unde
860 1647 954 1722 patet
977 1641 1159 1723 regentium
1182 1641 1282 1705 homi-

108 1767 182 1812 num
206 1767 279 1813 esse
303 1749 441 1814 omnium
465 1767 543 1830 quos
567 1753 686 1829 regant
710 1747 833 1812 animos
858 1750 899 1812 ad
923 1753 1050 1813 tantam
1066 1747 1281 1829 cognitionem

109 1861 142 1919 61
165 1855 415 1937 intelligentiam
440 1856 586 1921 excolere
610 1859 708 1935 atque
732 1855 918 1938 perducere,
952 1860 1107 1936 quantam
1136 1874 1193 1936 pro
1224 1874 1284 1920 sua

109 1961 244 2044 quisque
267 1962 373 2028 indole
397 1968 507 2044 potest
530 1962 661 2044 assequi
685 1966 719 2026 et
740 1963 1018 2042 comprehendere.
1067 1963 1138 2046 Qua
1161 1961 1284 2044 ingenii

108 2086 180 2132 cum
223 2069 372 2134 auctione
418 2068 582 2134 artissime
621 2068 791 2134 coniuncta
835 2075 887 2134 est
931 2089 1053 2134 morum
1092 2067 1283 2134 emendatio.

110 2167 267 2240 Similiter
305 2195 373 2241 rem
407 2176 605 2241 tractavisse
640 2177 909 2258 Theophrastum,
945 2177 1118 2259 Zenonem,
1159 2181 1285 2241 ceteros

109 2281 197 2346 illius
241 2283 362 2348 aetatis
408 2282 599 2348 amissorum
642 2282 797 2348 librorum
836 2282 1011 2363 scriptores
1050 2284 1137 2347 haud
1174 2282 1285 2363 inepte

111 2388 320 2454 coniectabis.
367 2389 474 2454 Aliter
497 2390 677 2470 Xenophon
706 2394 740 2455 et
762 2390 936 2454 Isocrates
984 2390 1044 2454 Π16
1074 2387 1160 2454 enim
1183 2389 1285 2453 Lace-

111 2495 350 2561 daemoniorum
372 2496 602 2577 rempublicam
626 2497 718 2577 quasi
744 2496 906 2577 specimen
930 2500 964 2560 et
985 2496 1150 2577 exemplar
1173 2493 1286 2576 optimi

111 2601 309 2682 reipublicae
338 2608 446 2668 status
481 2621 553 2667 esse
590 2602 744 2686 ostendit,
768 2604 951 2685 Cyrumque
975 2604 1149 2668 Persarum
1175 2620 1285 2683 regem

111 2727 221 2773 omnes
255 2708 401 2791 regentis
435 2709 573 2775 hominis
608 2710 748 2775 virtutes
784 2709 971 2775 exhibuisse
1009 2714 1044 2775 et
1077 2707 1286 2790 praestitisse

110 2814 268 2880 historiae
292 2815 385 2881 fidem
409 2836 472 2880 non
495 2818 592 2897 plane
615 2836 750 2882 servans
775 2817 881 2897 docet,
906 2821 942 2881 111
958 2816 1100 2881 eiusdem
1115 2819 1285 2896 praestan-

111 2921 178 2986 tiae
202 2922 306 2987 virum
330 2923 430 2988 oculis
454 2923 604 3004 proponit
619 2924 810 3005 Agesilaum
827 2923 995 3005 aequalem
1019 2936 1126 3003 suum;
1150 2919 1287 2986 Hieroni

110 3027 249 3110 denique
283 3028 364 3093 facit
394 3027 590 3094 Simonidem
624 3030 840 3111 explicantem
875 3031 1003 3112 qualem
1037 3048 1110 3094 esse
1138 3031 1288 3108 oporteat

112 3137 229 3200 bonum
252 3156 371 3218 regem.
419 3138 486 3202 Nec
509 3137 614 3202 minus
631 3139 795 3203 Isocrates
819 3137 962 3202 homines
987 3156 1103 3203 revera
1124 3140 1287 3218 regentes,

111 3241 284 3326 Nicoclem,
308 3245 504 3327 Euagoram,
537 3244 631 3326 quasi
664 3245 812 3325 exempla
839 3246 994 3309 bonorum
1017 3262 1130 3326 regum
1153 3246 1287 3307 tractat.

112 3350 257 3429 Uterque
282 3350 382 3432 igitur
406 3371 468 3415 non
493 3351 621 3431 quaerit
649 3357 756 3415 utrum
785 3350 972 3416 monarchia
1003 3370 1045 3415 an
1078 3348 1289 3415 aristocratia

112 3475 155 3520 an
190 3457 388 3522 democratia
424 3457 467 3522 sit
502 3457 725 3540 praeferenda,
762 3460 819 3523 sed
854 3457 883 3522 si
911 3457 1034 3538 excipis
1062 3454 1288 3537 Xenophontis

112 3563 440 3628 Lacedaemoniorum
463 3564 704 3647 rempublicam,
729 3584 824 3646 reges
848 3584 883 3629 re
908 3571 942 3628 et
965 3563 1106 3630 veritate
1135 3565 1288 3643 regentes

112 3673 265 3749 spectant
292 3671 536 3753 regentiumque
571 3671 733 3736 hominum
764 3671 904 3736 virtutes
936 3670 1109 3737 disserunt.
1157 3670 1221 3733 Per
1253 3685 1288 3732 se

112 3774 179 3839 iam
202 3776 378 3841 verisimile
402 3784 453 3842 est
469 3777 682 3858 posteriorum
705 3783 884 3858 temporum
900 3775 1055 3858 homines,
1080 3774 1196 3856 quibus
1219 3793 1289 3839 cum

111 3880 258 3962 plerique
283 3884 324 3948 ad
348 3888 454 3948 certos
478 3903 573 3965 reges
599 3903 633 3948 16
658 3883 822 3965 applicent
851 3888 908 3948 aut
934 3883 1107 3948 laudantes
1139 3887 1197 3946 aut
1223 3900 1288 3945 mo·

111 3993 238 4071 nentes,
274 4009 384 4055 omnes
407 4010 484 4055 vero
519 3991 724 4059 monarchiae
759 3995 870 4056 aetate
904 3990 1051 4075 floreant,
1087 4008 1127 4054 61
1149 4007 1213 4053 non
1237 3991 1289 4052 est

111 4113 201 4176 eura,
233 4102 341 4160 utrum
372 4097 559 4162 monarchia
591 4097 734 4177 optanda
762 4097 806 4161 sit
829 4115 939 4179 necne,
972 4098 1029 4161 sed
1053 4095 1206 4176 quomodo
1230 4113 1289 4159 rex

111 4199 234 4281 optime
257 4208 362 4285 regat,
386 4203 633 4284 Xenophontem
663 4207 697 4267 et
720 4203 899 4268 Isocratem
928 4203 1035 4284 potius
1065 4206 1192 4268 secutos
1220 4200 1289 4264 imi-

113 4311 269 4394 tatosque
293 4328 366 4375 6116
390 4329 486 4398 quam
509 4309 678 4377 Platonem
702 4308 835 4399 eiusque
860 4313 1048 4381 sectatores.
