<?xml version="1.0" encoding="UTF-8"?>
<!DOCTYPE html PUBLIC "-//W3C//DTD XHTML 1.0 Transitional//EN"
    "http://www.w3.org/TR/xhtml1/DTD/xhtml1-transitional.dtd">
<html xmlns="http://www.w3.org/1999/xhtml" xml:lang="en" lang="en">
 <head>
  <title>
</title>
<meta http-equiv="Content-Type" content="text/html;charset=utf-8" />
  <meta name='ocr-system' content='tesseract 3.04.00' />
  <meta name='ocr-capabilities' content='ocr_page ocr_carea ocr_par ocr_line ocrx_word'/>
</head>
<body>
  <div class='ocr_page' id='page_1' title='image "./comparanturinte00barngoog_0066.png"; bbox 0 0 2964 4980; ppageno 0'>
   <div class='ocr_carea' id='block_1_1' title="bbox 622 371 843 436">
    <p class='ocr_par' dir='ltr' id='par_1_1' title="bbox 622 371 843 436">
     <span class='ocr_line' id='line_1_1' title="bbox 622 371 843 436; baseline 0.005 -17"><span class='ocrx_word' id='word_1_1' title='bbox 622 371 843 436; x_wconf 35' lang='grc' dir='ltr'>...ηιμ</span> 
     </span>
    </p>
   </div>
   <div class='ocr_carea' id='block_1_2' title="bbox 149 558 1399 2586">
    <p class='ocr_par' dir='ltr' id='par_1_2' title="bbox 149 558 1324 871">
     <span class='ocr_line' id='line_1_2' title="bbox 149 558 1324 656; baseline 0.007 -28"><span class='ocrx_word' id='word_1_2' title='bbox 149 583 218 644; x_wconf 85' lang='lat' dir='ltr'>cap.</span> <span class='ocrx_word' id='word_1_3' title='bbox 242 571 285 628; x_wconf 66' lang='lat'>25</span> <span class='ocrx_word' id='word_1_4' title='bbox 311 562 344 649; x_wconf 64' lang='grc' dir='ltr'>(ξ</span> <span class='ocrx_word' id='word_1_5' title='bbox 371 563 478 650; x_wconf 74' lang='grc' dir='ltr'>26)Ι)</span> <span class='ocrx_word' id='word_1_6' title='bbox 509 562 578 628; x_wconf 81' lang='grc' dir='ltr'><strong><em>έστι</em></strong></span> <span class='ocrx_word' id='word_1_7' title='bbox 608 565 671 653; x_wconf 88' lang='grc' dir='ltr'>μήν</span> <span class='ocrx_word' id='word_1_8' title='bbox 699 567 805 654; x_wconf 80' lang='grc' dir='ltr'><strong><em>εἰρήνη</em></strong></span> <span class='ocrx_word' id='word_1_9' title='bbox 835 569 977 650; x_wconf 88' lang='grc' dir='ltr'><strong><em>πολέμου</em></strong></span> <span class='ocrx_word' id='word_1_10' title='bbox 1000 568 1248 656; x_wconf 78' lang='grc' dir='ltr'><strong><em>μακαριώτερον,</em></strong></span> <span class='ocrx_word' id='word_1_11' title='bbox 1273 558 1324 636; x_wconf 72' lang='grc' dir='ltr'><strong><em>λίτι</em></strong></span> 
     </span>
     <span class='ocr_line' id='line_1_3' title="bbox 282 670 1322 762; baseline 0.01 -29"><span class='ocrx_word' id='word_1_12' title='bbox 282 672 335 734; x_wconf 85' lang='grc' dir='ltr'>καὶ</span> <span class='ocrx_word' id='word_1_13' title='bbox 370 670 421 735; x_wconf 77' lang='grc' dir='ltr'>διὰ</span> <span class='ocrx_word' id='word_1_14' title='bbox 457 671 512 758; x_wconf 84' lang='grc' dir='ltr'>τήν</span> <span class='ocrx_word' id='word_1_15' title='bbox 547 672 669 760; x_wconf 79' lang='grc' dir='ltr'><em>εἰρήνην</em></span> <span class='ocrx_word' id='word_1_16' title='bbox 703 674 743 738; x_wconf 86' lang='grc' dir='ltr'>τὰ</span> <span class='ocrx_word' id='word_1_17' title='bbox 774 685 830 739; x_wconf 79' lang='grc' dir='ltr'><strong><em>τοι)</em></strong></span> <span class='ocrx_word' id='word_1_18' title='bbox 866 677 1008 758; x_wconf 81' lang='grc' dir='ltr'><strong><em>πολέμου</em></strong></span> <span class='ocrx_word' id='word_1_19' title='bbox 1037 677 1322 762; x_wconf 83' lang='grc' dir='ltr'><strong><em>παρασκευάζεται.</em></strong></span> 
     </span>
     <span class='ocr_line' id='line_1_4' title="bbox 281 768 1196 871; baseline 0.007 -29"><span class='ocrx_word' id='word_1_20' title='bbox 281 779 370 855; x_wconf 87' lang='grc' dir='ltr'><strong><em>τέλος</em></strong></span> <span class='ocrx_word' id='word_1_21' title='bbox 394 768 447 843; x_wconf 78' lang='grc' dir='ltr'>οὖν</span> <span class='ocrx_word' id='word_1_22' title='bbox 471 775 505 845; x_wconf 77' lang='grc' dir='ltr'>ὃν</span> <span class='ocrx_word' id='word_1_23' title='bbox 529 789 593 844; x_wconf 76' lang='grc' dir='ltr'>τῶν</span> <span class='ocrx_word' id='word_1_24' title='bbox 616 773 657 844; x_wconf 72' lang='grc' dir='ltr'>δι’</span> <span class='ocrx_word' id='word_1_25' title='bbox 682 775 760 845; x_wconf 76' lang='grc' dir='ltr'><strong><em>αὐτὸ</em></strong></span> <span class='ocrx_word' id='word_1_26' title='bbox 784 783 914 859; x_wconf 77' lang='grc' dir='ltr'><strong><em>δικαίως</em></strong></span> <span class='ocrx_word' id='word_1_27' title='bbox 936 779 976 847; x_wconf 79' lang='grc' dir='ltr'>άν</span> <span class='ocrx_word' id='word_1_28' title='bbox 999 795 1196 871; x_wconf 78' lang='grc' dir='ltr'><strong><em>προτιμηίτο.</em></strong></span> 
     </span>
    </p>

    <p class='ocr_par' dir='ltr' id='par_1_3' title="bbox 194 877 1324 1192">
     <span class='ocr_line' id='line_1_5' title="bbox 194 877 1324 979; baseline 0.008 -31"><span class='ocrx_word' id='word_1_29' title='bbox 194 887 252 949; x_wconf 78' lang='lat' dir='ltr'>Th.</span> <span class='ocrx_word' id='word_1_30' title='bbox 278 907 307 967; x_wconf 90' lang='lat' dir='ltr'>p.</span> <span class='ocrx_word' id='word_1_31' title='bbox 337 893 435 951; x_wconf 85' lang='lat' dir='ltr'>l3la</span> <span class='ocrx_word' id='word_1_32' title='bbox 465 887 519 950; x_wconf 85' lang='grc' dir='ltr'>καὶ</span> <span class='ocrx_word' id='word_1_33' title='bbox 548 877 582 950; x_wconf 77' lang='grc' dir='ltr'>οἷν</span> <span class='ocrx_word' id='word_1_34' title='bbox 604 887 697 973; x_wconf 86' lang='grc' dir='ltr'><strong><em>χάριν</em></strong></span> <span class='ocrx_word' id='word_1_35' title='bbox 720 889 861 975; x_wconf 67' lang='grc' dir='ltr'><strong><em>θάτερον</em></strong></span> <span class='ocrx_word' id='word_1_36' title='bbox 887 882 1069 975; x_wconf 79' lang='grc' dir='ltr'><strong><em>άναχκαῑον.</em></strong></span> <span class='ocrx_word' id='word_1_37' title='bbox 1100 894 1240 975; x_wconf 85' lang='grc' dir='ltr'><strong><em>πολέμου</em></strong></span> <span class='ocrx_word' id='word_1_38' title='bbox 1263 893 1324 979; x_wconf 80' lang='grc' dir='ltr'>γάρ</span> 
     </span>
     <span class='ocr_line' id='line_1_6' title="bbox 282 982 1323 1084; baseline 0.008 -28"><span class='ocrx_word' id='word_1_39' title='bbox 282 982 385 1057; x_wconf 76' lang='grc' dir='ltr'><strong><em>ἆίίλον</em></strong></span> <span class='ocrx_word' id='word_1_40' title='bbox 409 993 513 1080; x_wconf 83' lang='grc' dir='ltr'><strong><em>εἰρήνη</em></strong></span> <span class='ocrx_word' id='word_1_41' title='bbox 537 996 591 1058; x_wconf 85' lang='grc' dir='ltr'>καὶ</span> <span class='ocrx_word' id='word_1_42' title='bbox 615 995 842 1080; x_wconf 79' lang='grc' dir='ltr'>στρατεύονται</span> <span class='ocrx_word' id='word_1_43' title='bbox 867 995 915 1074; x_wconf 82' lang='grc' dir='ltr'>οἷς</span> <span class='ocrx_word' id='word_1_44' title='bbox 943 990 1073 1084; x_wconf 79' lang='grc' dir='ltr'><strong><em>άνάχκη,</em></strong></span> <span class='ocrx_word' id='word_1_45' title='bbox 1105 992 1159 1080; x_wconf 77' lang='grc' dir='ltr'>οίχ</span> <span class='ocrx_word' id='word_1_46' title='bbox 1188 999 1240 1064; x_wconf 73' lang='grc' dir='ltr'>ἵνα</span> <span class='ocrx_word' id='word_1_47' title='bbox 1271 1000 1323 1064; x_wconf 77' lang='grc' dir='ltr'>διὰ</span> 
     </span>
     <span class='ocr_line' id='line_1_7' title="bbox 282 1095 1232 1192; baseline 0.008 -29"><span class='ocrx_word' id='word_1_48' title='bbox 282 1101 390 1177; x_wconf 93' lang='grc' dir='ltr'><strong><em>τέλους</em></strong></span> <span class='ocrx_word' id='word_1_49' title='bbox 413 1101 648 1187; x_wconf 75' lang='grc' dir='ltr'><strong><em>στρατεύοιντο,</em></strong></span> <span class='ocrx_word' id='word_1_50' title='bbox 672 1095 741 1166; x_wconf 52' lang='grc' dir='ltr'><strong><em>άλλ)</em></strong></span> <span class='ocrx_word' id='word_1_51' title='bbox 764 1103 817 1168; x_wconf 78' lang='grc' dir='ltr'>ἵνα</span> <span class='ocrx_word' id='word_1_52' title='bbox 840 1096 999 1192; x_wconf 74' lang='grc' dir='ltr'><strong><em>άσιραλιιίς</em></strong></span> <span class='ocrx_word' id='word_1_53' title='bbox 1022 1099 1232 1192; x_wconf 73' lang='grc' dir='ltr'><strong><em>ἡσυχάσασιν.</em></strong></span> 
     </span>
    </p>

    <p class='ocr_par' dir='ltr' id='par_1_4' title="bbox 193 1206 1399 1504">
     <span class='ocr_line' id='line_1_8' title="bbox 193 1206 1399 1299; baseline 0.008 -28"><span class='ocrx_word' id='word_1_54' title='bbox 193 1208 330 1274; x_wconf 82' lang='lat' dir='ltr'>Aristot.</span> <span class='ocrx_word' id='word_1_55' title='bbox 356 1210 428 1273; x_wconf 88' lang='grc' dir='ltr'><strong><em>πολ.</em></strong></span> <span class='ocrx_word' id='word_1_56' title='bbox 450 1211 506 1293; x_wconf 90' lang='lat' dir='ltr'>IV,</span> <span class='ocrx_word' id='word_1_57' title='bbox 534 1216 583 1293; x_wconf 86' lang='lat'>14,</span> <span class='ocrx_word' id='word_1_58' title='bbox 608 1217 627 1274; x_wconf 86' lang='grc'>8</span> <span class='ocrx_word' id='word_1_59' title='bbox 652 1209 792 1292; x_wconf 87' lang='grc' dir='ltr'><strong><em>πόλεμον</em></strong></span> <span class='ocrx_word' id='word_1_60' title='bbox 814 1212 872 1292; x_wconf 78' lang='grc' dir='ltr'>μέν</span> <span class='ocrx_word' id='word_1_61' title='bbox 896 1210 1019 1298; x_wconf 76' lang='grc' dir='ltr'><strong><em>εἰρήνης</em></strong></span> <span class='ocrx_word' id='word_1_62' title='bbox 1040 1214 1142 1298; x_wconf 88' lang='grc' dir='ltr'><strong><em>χάριν.</em></strong></span> <span class='ocrx_word' id='word_1_63' title='bbox 1168 1216 1240 1278; x_wconf 90' lang='grc' dir='ltr'><strong><em>πολ.</em></strong></span> <span class='ocrx_word' id='word_1_64' title='bbox 1266 1217 1323 1299; x_wconf 91' lang='lat' dir='ltr'>IV,</span> <span class='ocrx_word' id='word_1_65' title='bbox 1397 1206 1399 1209; x_wconf 32' lang='lat'>¹</span> 
     </span>
     <span class='ocr_line' id='line_1_9' title="bbox 285 1316 1324 1407; baseline 0.006 -28"><span class='ocrx_word' id='word_1_66' title='bbox 285 1322 323 1379; x_wconf 81' lang='lat'>15</span> <span class='ocrx_word' id='word_1_67' title='bbox 348 1317 391 1381; x_wconf 88' lang='lat' dir='ltr'>in.</span> <span class='ocrx_word' id='word_1_68' title='bbox 428 1317 516 1392; x_wconf 82' lang='grc' dir='ltr'><strong><em>τέλος</em></strong></span> <span class='ocrx_word' id='word_1_69' title='bbox 544 1316 605 1402; x_wconf 78' lang='grc' dir='ltr'>γάρ</span> <span class='ocrx_word' id='word_1_70' title='bbox 629 1368 636 1380; x_wconf 93' lang='grc'><em>.</em></span> <span class='ocrx_word' id='word_1_71' title='bbox 663 1368 669 1380; x_wconf 89' lang='grc'><strong><em>,</em></strong></span> <span class='ocrx_word' id='word_1_72' title='bbox 697 1369 703 1381; x_wconf 95' lang='grc'><strong>.</strong></span> <span class='ocrx_word' id='word_1_73' title='bbox 730 1369 736 1381; x_wconf 94' lang='grc'><strong>.</strong></span> <span class='ocrx_word' id='word_1_74' title='bbox 770 1318 876 1406; x_wconf 79' lang='grc' dir='ltr'><strong><em>εἰρήνη</em></strong></span> <span class='ocrx_word' id='word_1_75' title='bbox 904 1320 962 1400; x_wconf 80' lang='grc' dir='ltr'>μὲν</span> <span class='ocrx_word' id='word_1_76' title='bbox 993 1321 1144 1402; x_wconf 85' lang='grc' dir='ltr'><strong><em>πολέμου,</em></strong></span> <span class='ocrx_word' id='word_1_77' title='bbox 1177 1321 1272 1407; x_wconf 84' lang='grc' dir='ltr'><strong><em>σχολή</em></strong></span> <span class='ocrx_word' id='word_1_78' title='bbox 1296 1316 1324 1385; x_wconf 78' lang='lat' dir='ltr'>(l’</span> 
     </span>
     <span class='ocr_line' id='line_1_10' title="bbox 283 1415 443 1504; baseline 0.019 -20"><span class='ocrx_word' id='word_1_79' title='bbox 283 1415 443 1504; x_wconf 87' lang='grc' dir='ltr'><strong><em>άσχολίας.</em></strong></span> 
     </span>
    </p>

    <p class='ocr_par' dir='ltr' id='par_1_5' title="bbox 238 1531 825 1601">
     <span class='ocr_line' id='line_1_11' title="bbox 238 1531 825 1601; baseline 0.01 -7"><span class='ocrx_word' id='word_1_80' title='bbox 238 1531 352 1596; x_wconf 80' lang='lat' dir='ltr'>Finem</span> <span class='ocrx_word' id='word_1_81' title='bbox 377 1533 479 1598; x_wconf 86' lang='lat' dir='ltr'>faciat</span> <span class='ocrx_word' id='word_1_82' title='bbox 503 1534 651 1601; x_wconf 74' lang='lat' dir='ltr'>Platonis</span> <span class='ocrx_word' id='word_1_83' title='bbox 675 1534 825 1600; x_wconf 89' lang='lat' dir='ltr'>imitatio.</span> 
     </span>
    </p>

    <p class='ocr_par' dir='ltr' id='par_1_6' title="bbox 149 1633 1325 2369">
     <span class='ocr_line' id='line_1_12' title="bbox 149 1633 1324 1731; baseline 0.006 -28"><span class='ocrx_word' id='word_1_84' title='bbox 149 1640 226 1719; x_wconf 76' lang='lat' dir='ltr'>Syn.</span> <span class='ocrx_word' id='word_1_85' title='bbox 252 1660 321 1720; x_wconf 84' lang='lat' dir='ltr'>cap.</span> <span class='ocrx_word' id='word_1_86' title='bbox 351 1643 438 1706; x_wconf 86' lang='lat' dir='ltr'>lOB</span> <span class='ocrx_word' id='word_1_87' title='bbox 475 1633 518 1716; x_wconf 81' lang='grc' dir='ltr'>ὡς</span> <span class='ocrx_word' id='word_1_88' title='bbox 553 1636 643 1718; x_wconf 72' lang='grc' dir='ltr'><strong><em>ὅστις</em></strong></span> <span class='ocrx_word' id='word_1_89' title='bbox 671 1666 707 1727; x_wconf 77' lang='grc' dir='ltr'><strong><em>γε</em></strong></span> <span class='ocrx_word' id='word_1_90' title='bbox 739 1641 797 1719; x_wconf 82' lang='grc' dir='ltr'>τὰς</span> <span class='ocrx_word' id='word_1_91' title='bbox 826 1634 961 1725; x_wconf 69' lang='grc' dir='ltr'><strong><em>α’λόχους</em></strong></span> <span class='ocrx_word' id='word_1_92' title='bbox 990 1651 1048 1730; x_wconf 73' lang='grc' dir='ltr'>τῆς</span> <span class='ocrx_word' id='word_1_93' title='bbox 1081 1653 1182 1730; x_wconf 72' lang='grc' dir='ltr'><strong><em>ψυχῆς</em></strong></span> <span class='ocrx_word' id='word_1_94' title='bbox 1209 1652 1324 1731; x_wconf 63' lang='grc' dir='ltr'><strong><em>μοίρας</em></strong></span> 
     </span>
     <span class='ocr_line' id='line_1_13' title="bbox 282 1747 1324 1838; baseline 0.007 -29"><span class='ocrx_word' id='word_1_95' title='bbox 282 1747 463 1824; x_wconf 68' lang='grc' dir='ltr'><strong><em>τιθασσυὺς</em></strong></span> <span class='ocrx_word' id='word_1_96' title='bbox 493 1749 547 1812; x_wconf 82' lang='grc' dir='ltr'>καὶ</span> <span class='ocrx_word' id='word_1_97' title='bbox 574 1748 760 1835; x_wconf 73' lang='grc' dir='ltr'><strong><em>χειροήθεις</em></strong></span> <span class='ocrx_word' id='word_1_98' title='bbox 789 1749 928 1836; x_wconf 90' lang='grc' dir='ltr'><strong><em>ποιήσας</em></strong></span> <span class='ocrx_word' id='word_1_99' title='bbox 959 1748 1131 1837; x_wconf 77' lang='grc' dir='ltr'><strong><em>κατηκόους</em></strong></span> <span class='ocrx_word' id='word_1_100' title='bbox 1162 1761 1209 1838; x_wconf 62' lang='lat' dir='ltr'>argi</span> <span class='ocrx_word' id='word_1_101' title='bbox 1239 1752 1324 1838; x_wconf 79' lang='grc' dir='ltr'><strong><em>λόγῳ</em></strong></span> 
     </span>
     <span class='ocr_line' id='line_1_14' title="bbox 283 1850 1325 1944; baseline 0.007 -27"><span class='ocrx_word' id='word_1_102' title='bbox 283 1860 470 1939; x_wconf 91' lang='grc' dir='ltr'><strong><em>παρέσχετο,</em></strong></span> <span class='ocrx_word' id='word_1_103' title='bbox 512 1855 558 1933; x_wconf 86' lang='grc' dir='ltr'><strong><em>είς</em></strong></span> <span class='ocrx_word' id='word_1_104' title='bbox 596 1861 675 1937; x_wconf 88' lang='grc' dir='ltr'><strong><em>μίαν</em></strong></span> <span class='ocrx_word' id='word_1_105' title='bbox 709 1850 878 1944; x_wconf 74' lang='grc' dir='ltr'><strong><em>ἡγεμονίαν</em></strong></span> <span class='ocrx_word' id='word_1_106' title='bbox 914 1854 1059 1943; x_wconf 67' lang='grc' dir='ltr'><strong><em>ἔμφρονα</em></strong></span> <span class='ocrx_word' id='word_1_107' title='bbox 1099 1858 1254 1936; x_wconf 83' lang='grc' dir='ltr'><strong><em>συντάξας</em></strong></span> <span class='ocrx_word' id='word_1_108' title='bbox 1287 1859 1325 1925; x_wconf 82' lang='grc' dir='ltr'>τὸ</span> 
     </span>
     <span class='ocr_line' id='line_1_15' title="bbox 284 1959 1324 2054; baseline 0.007 -30"><span class='ocrx_word' id='word_1_109' title='bbox 284 1963 420 2049; x_wconf 71' lang='grc' dir='ltr'><strong><em>πλῆθος.</em></strong></span> <span class='ocrx_word' id='word_1_110' title='bbox 473 1983 542 2045; x_wconf 86' lang='lat' dir='ltr'>cap.</span> <span class='ocrx_word' id='word_1_111' title='bbox 560 1971 610 2029; x_wconf 87' lang='grc'>’10</span> <span class='ocrx_word' id='word_1_112' title='bbox 634 1967 664 2030; x_wconf 90' lang='grc' dir='ltr'>Ι)</span> <span class='ocrx_word' id='word_1_113' title='bbox 696 1962 832 2050; x_wconf 75' lang='grc' dir='ltr'><strong><em>πράττει</em></strong></span> <span class='ocrx_word' id='word_1_114' title='bbox 861 1963 922 2049; x_wconf 77' lang='grc' dir='ltr'>γάρ</span> <span class='ocrx_word' id='word_1_115' title='bbox 953 1959 970 2028; x_wconf 77' lang='lat' dir='ltr'>ii</span> <span class='ocrx_word' id='word_1_116' title='bbox 1000 1991 1032 2030; x_wconf 89' lang='grc' dir='ltr'>τι</span> <span class='ocrx_word' id='word_1_117' title='bbox 1060 1961 1099 2031; x_wconf 74' lang='lat' dir='ltr'>clu</span> <span class='ocrx_word' id='word_1_118' title='bbox 1122 1965 1249 2054; x_wconf 78' lang='grc' dir='ltr'><strong><em>πράττη</em></strong></span> <span class='ocrx_word' id='word_1_119' title='bbox 1273 1967 1324 2031; x_wconf 77' lang='grc' dir='ltr'><strong><em>ὄε-</em></strong></span> 
     </span>
     <span class='ocr_line' id='line_1_16' title="bbox 282 2065 1325 2160; baseline 0.006 -29"><span class='ocrx_word' id='word_1_120' title='bbox 282 2069 416 2152; x_wconf 77' lang='grc' dir='ltr'><strong><em>δοχμένα</em></strong></span> <span class='ocrx_word' id='word_1_121' title='bbox 451 2065 557 2134; x_wconf 72' lang='grc' dir='ltr'><strong><em>ἅπασι</em></strong></span> <span class='ocrx_word' id='word_1_122' title='bbox 591 2080 661 2147; x_wconf 88' lang='grc' dir='ltr'><strong><em>τοῖς</em></strong></span> <span class='ocrx_word' id='word_1_123' title='bbox 694 2076 805 2157; x_wconf 87' lang='grc' dir='ltr'><strong><em>μέρεσι</em></strong></span> <span class='ocrx_word' id='word_1_124' title='bbox 839 2080 895 2160; x_wconf 78' lang='grc' dir='ltr'>τῆς</span> <span class='ocrx_word' id='word_1_125' title='bbox 932 2081 1034 2160; x_wconf 73' lang='grc' dir='ltr'><strong><em>ψυχῆς</em></strong></span> <span class='ocrx_word' id='word_1_126' title='bbox 1074 2072 1235 2158; x_wconf 85' lang='grc' dir='ltr'><strong><em>πράττων,</em></strong></span> <span class='ocrx_word' id='word_1_127' title='bbox 1279 2083 1325 2159; x_wconf 79' lang='grc' dir='ltr'><strong><em>τηί</em></strong></span> 
     </span>
     <span class='ocr_line' id='line_1_17' title="bbox 282 2171 1324 2266; baseline 0.006 -27"><span class='ocrx_word' id='word_1_128' title='bbox 282 2176 390 2240; x_wconf 89' lang='grc' dir='ltr'><strong><em>πάντα</em></strong></span> <span class='ocrx_word' id='word_1_129' title='bbox 413 2176 494 2262; x_wconf 87' lang='grc' dir='ltr'><strong><em>πρὸς</em></strong></span> <span class='ocrx_word' id='word_1_130' title='bbox 517 2182 594 2259; x_wconf 90' lang='grc' dir='ltr'><strong><em>μίαν</em></strong></span> <span class='ocrx_word' id='word_1_131' title='bbox 617 2171 713 2264; x_wconf 85' lang='grc' dir='ltr'><strong><em>άρχήν</em></strong></span> <span class='ocrx_word' id='word_1_132' title='bbox 736 2184 959 2266; x_wconf 66' lang='grc' dir='ltr'><strong><em>κεκοσμῆσθαι</em></strong></span> <span class='ocrx_word' id='word_1_133' title='bbox 987 2180 1041 2243; x_wconf 87' lang='grc' dir='ltr'>καὶ</span> <span class='ocrx_word' id='word_1_134' title='bbox 1064 2179 1108 2266; x_wconf 83' lang='grc' dir='ltr'>μή</span> <span class='ocrx_word' id='word_1_135' title='bbox 1137 2172 1324 2257; x_wconf 78' lang='grc' dir='ltr'><strong><em>άπαξιυίσαι</em></strong></span> 
     </span>
     <span class='ocr_line' id='line_1_18' title="bbox 281 2279 1086 2369; baseline 0.004 -23"><span class='ocrx_word' id='word_1_136' title='bbox 281 2289 361 2369; x_wconf 84' lang='grc' dir='ltr'><strong><em>μέρη</em></strong></span> <span class='ocrx_word' id='word_1_137' title='bbox 384 2309 419 2347; x_wconf 92' lang='grc' dir='ltr'><strong><em>τε</em></strong></span> <span class='ocrx_word' id='word_1_138' title='bbox 443 2282 525 2348; x_wconf 78' lang='grc' dir='ltr'><strong><em>εἶναι</em></strong></span> <span class='ocrx_word' id='word_1_139' title='bbox 548 2286 603 2348; x_wconf 86' lang='grc' dir='ltr'>καὶ</span> <span class='ocrx_word' id='word_1_140' title='bbox 626 2285 672 2360; x_wconf 89' lang='grc' dir='ltr'><strong><em>είς</em></strong></span> <span class='ocrx_word' id='word_1_141' title='bbox 696 2285 728 2349; x_wconf 76' lang='grc' dir='ltr'>ἓν</span> <span class='ocrx_word' id='word_1_142' title='bbox 751 2284 788 2350; x_wconf 83' lang='grc' dir='ltr'>τὸ</span> <span class='ocrx_word' id='word_1_143' title='bbox 813 2279 884 2350; x_wconf 73' lang='grc' dir='ltr'><strong><em>ὅλον</em></strong></span> <span class='ocrx_word' id='word_1_144' title='bbox 908 2294 1086 2350; x_wconf 83' lang='grc' dir='ltr'><strong><em>συννευσαι.</em></strong></span> 
     </span>
    </p>

    <p class='ocr_par' dir='ltr' id='par_1_7' title="bbox 194 2385 1325 2586">
     <span class='ocr_line' id='line_1_19' title="bbox 194 2385 1325 2482; baseline 0.004 -30"><span class='ocrx_word' id='word_1_145' title='bbox 194 2390 289 2454; x_wconf 86' lang='lat' dir='ltr'>Plato</span> <span class='ocrx_word' id='word_1_146' title='bbox 313 2391 385 2453; x_wconf 93' lang='grc' dir='ltr'><strong><em>πολ.</em></strong></span> <span class='ocrx_word' id='word_1_147' title='bbox 412 2393 524 2456; x_wconf 82' lang='grc' dir='ltr'>586Ε</span> <span class='ocrx_word' id='word_1_148' title='bbox 557 2400 601 2476; x_wconf 73' lang='grc' dir='ltr'>τη]</span> <span class='ocrx_word' id='word_1_149' title='bbox 635 2391 806 2479; x_wconf 78' lang='grc' dir='ltr'><strong><em>φιλοσόφῳ</em></strong></span> <span class='ocrx_word' id='word_1_150' title='bbox 836 2385 898 2477; x_wconf 83' lang='grc' dir='ltr'>άρα</span> <span class='ocrx_word' id='word_1_151' title='bbox 927 2389 1082 2478; x_wconf 81' lang='grc' dir='ltr'><strong><em>ἑπομένης</em></strong></span> <span class='ocrx_word' id='word_1_152' title='bbox 1112 2386 1242 2479; x_wconf 77' lang='grc' dir='ltr'><strong><em>ἁπάσης</em></strong></span> <span class='ocrx_word' id='word_1_153' title='bbox 1269 2403 1325 2482; x_wconf 79' lang='grc' dir='ltr'>της</span> 
     </span>
     <span class='ocr_line' id='line_1_20' title="bbox 287 2493 1324 2586; baseline 0.005 -26"><span class='ocrx_word' id='word_1_154' title='bbox 287 2507 386 2584; x_wconf 71' lang='grc' dir='ltr'><strong><em>ψυχῆς</em></strong></span> <span class='ocrx_word' id='word_1_155' title='bbox 415 2499 469 2563; x_wconf 88' lang='grc' dir='ltr'>καὶ</span> <span class='ocrx_word' id='word_1_156' title='bbox 497 2498 537 2581; x_wconf 79' lang='grc' dir='ltr'>μί</span> <span class='ocrx_word' id='word_1_157' title='bbox 570 2499 803 2586; x_wconf 78' lang='grc' dir='ltr'><strong><em>στασιαζούσης</em></strong></span> <span class='ocrx_word' id='word_1_158' title='bbox 832 2499 955 2581; x_wconf 78' lang='grc' dir='ltr'><strong><em>ἑκάστῳ</em></strong></span> <span class='ocrx_word' id='word_1_159' title='bbox 989 2509 1034 2585; x_wconf 76' lang='grc' dir='ltr'>τη)</span> <span class='ocrx_word' id='word_1_160' title='bbox 1065 2505 1155 2585; x_wconf 86' lang='grc' dir='ltr'><strong><em>μέρει</em></strong></span> <span class='ocrx_word' id='word_1_161' title='bbox 1187 2493 1324 2585; x_wconf 74' lang='grc' dir='ltr'><strong><em>ὑπάρχει</em></strong></span> 
     </span>
    </p>
   </div>
   <div class='ocr_carea' id='block_1_3' title="bbox 284 2594 1217 2692">
    <p class='ocr_par' dir='ltr' id='par_1_8' title="bbox 284 2594 1217 2692">
     <span class='ocr_line' id='line_1_21' title="bbox 284 2594 1217 2692; baseline 0.003 -25"><span class='ocrx_word' id='word_1_162' title='bbox 284 2602 330 2680; x_wconf 83' lang='grc' dir='ltr'><strong><em>είς</em></strong></span> <span class='ocrx_word' id='word_1_163' title='bbox 352 2630 387 2668; x_wconf 87' lang='grc' dir='ltr'><strong><em>τε</em></strong></span> <span class='ocrx_word' id='word_1_164' title='bbox 411 2594 509 2669; x_wconf 77' lang='grc' dir='ltr'><strong><em>τᾶλλα</em></strong></span> <span class='ocrx_word' id='word_1_165' title='bbox 532 2606 572 2669; x_wconf 88' lang='grc' dir='ltr'>τὰ</span> <span class='ocrx_word' id='word_1_166' title='bbox 597 2606 709 2671; x_wconf 80' lang='grc' dir='ltr'><strong><em>ἑαυτοῦ</em></strong></span> <span class='ocrx_word' id='word_1_167' title='bbox 733 2607 888 2692; x_wconf 86' lang='grc' dir='ltr'><strong><em>πράττειν</em></strong></span> <span class='ocrx_word' id='word_1_168' title='bbox 911 2608 965 2670; x_wconf 83' lang='grc' dir='ltr'><strong><em>καί.</em></strong></span> <span class='ocrx_word' id='word_1_169' title='bbox 989 2607 1102 2691; x_wconf 77' lang='grc' dir='ltr'><strong><em>δικαίην</em></strong></span> <span class='ocrx_word' id='word_1_170' title='bbox 1126 2602 1217 2671; x_wconf 81' lang='grc' dir='ltr'><strong><em>εἶναι.</em></strong></span> 
     </span>
    </p>
   </div>
   <div class='ocr_carea' id='block_1_4' title="bbox 150 2731 1325 3136">
    <p class='ocr_par' dir='ltr' id='par_1_9' title="bbox 150 2731 1325 3136">
     <span class='ocr_line' id='line_1_22' title="bbox 239 2731 1325 2815; baseline 0.005 -22"><span class='ocrx_word' id='word_1_171' title='bbox 239 2731 401 2796; x_wconf 70' lang='lat' dir='ltr'>(loricedes</span> <span class='ocrx_word' id='word_1_172' title='bbox 442 2732 613 2814; x_wconf 83' lang='lat' dir='ltr'>Synesium</span> <span class='ocrx_word' id='word_1_173' title='bbox 653 2734 826 2815; x_wconf 81' lang='lat' dir='ltr'>praecipue</span> <span class='ocrx_word' id='word_1_174' title='bbox 866 2734 982 2799; x_wconf 90' lang='lat' dir='ltr'>Dionis</span> <span class='ocrx_word' id='word_1_175' title='bbox 1024 2733 1248 2814; x_wconf 78' lang='lat' dir='ltr'>Chrysostomi</span> <span class='ocrx_word' id='word_1_176' title='bbox 1291 2739 1325 2798; x_wconf 89' lang='lat' dir='ltr'>et</span> 
     </span>
     <span class='ocr_line' id='line_1_23' title="bbox 151 2837 1323 2924; baseline 0.005 -26"><span class='ocrx_word' id='word_1_177' title='bbox 151 2837 321 2901; x_wconf 71' lang='lat' dir='ltr'>Themistii</span> <span class='ocrx_word' id='word_1_178' title='bbox 351 2839 441 2920; x_wconf 88' lang='lat' dir='ltr'>sequi</span> <span class='ocrx_word' id='word_1_179' title='bbox 464 2840 616 2924; x_wconf 79' lang='lat' dir='ltr'>uestigia,</span> <span class='ocrx_word' id='word_1_180' title='bbox 642 2842 795 2921; x_wconf 82' lang='lat' dir='ltr'>pauciora</span> <span class='ocrx_word' id='word_1_181' title='bbox 819 2841 1038 2922; x_wconf 80' lang='lat' dir='ltr'>desumpsisse</span> <span class='ocrx_word' id='word_1_182' title='bbox 1062 2841 1220 2905; x_wconf 85' lang='lat' dir='ltr'>coeteris</span> <span class='ocrx_word' id='word_1_183' title='bbox 1246 2841 1323 2905; x_wconf 88' lang='lat' dir='ltr'>scri·</span> 
     </span>
     <span class='ocr_line' id='line_1_24' title="bbox 151 2943 1324 3029; baseline 0.003 -22"><span class='ocrx_word' id='word_1_184' title='bbox 151 2943 307 3026; x_wconf 88' lang='lat' dir='ltr'>ptoribus,</span> <span class='ocrx_word' id='word_1_185' title='bbox 343 2946 472 3010; x_wconf 85' lang='lat' dir='ltr'>etiamsi</span> <span class='ocrx_word' id='word_1_186' title='bbox 495 2967 559 3012; x_wconf 90' lang='lat' dir='ltr'>non</span> <span class='ocrx_word' id='word_1_187' title='bbox 582 2948 717 3029; x_wconf 80' lang='lat' dir='ltr'>ignarus</span> <span class='ocrx_word' id='word_1_188' title='bbox 753 2964 861 3013; x_wconf 89' lang='lat' dir='ltr'>eorum</span> <span class='ocrx_word' id='word_1_189' title='bbox 896 2947 1005 3029; x_wconf 83' lang='lat' dir='ltr'>fuerit,</span> <span class='ocrx_word' id='word_1_190' title='bbox 1041 2952 1077 3011; x_wconf 94' lang='lat' dir='ltr'>ut</span> <span class='ocrx_word' id='word_1_191' title='bbox 1106 2947 1254 3011; x_wconf 77' lang='lat' dir='ltr'>Platonis</span> <span class='ocrx_word' id='word_1_192' title='bbox 1290 2952 1324 3011; x_wconf 94' lang='lat' dir='ltr'>et</span> 
     </span>
     <span class='ocr_line' id='line_1_25' title="bbox 150 3044 1324 3136; baseline 0.001 -23"><span class='ocrx_word' id='word_1_193' title='bbox 150 3051 348 3133; x_wconf 77' lang='lat' dir='ltr'>Aristotelis,</span> <span class='ocrx_word' id='word_1_194' title='bbox 374 3053 412 3116; x_wconf 88' lang='lat' dir='ltr'>de</span> <span class='ocrx_word' id='word_1_195' title='bbox 437 3053 551 3132; x_wconf 88' lang='lat' dir='ltr'>quihus</span> <span class='ocrx_word' id='word_1_196' title='bbox 576 3055 649 3136; x_wconf 82' lang='lat' dir='ltr'>lege</span> <span class='ocrx_word' id='word_1_197' title='bbox 673 3055 867 3120; x_wconf 78' lang='lat' dir='ltr'>scribentem</span> <span class='ocrx_word' id='word_1_198' title='bbox 898 3074 968 3135; x_wconf 92' lang='lat' dir='ltr'>cap.</span> <span class='ocrx_word' id='word_1_199' title='bbox 994 3044 1241 3136; x_wconf 70' lang='grc' dir='ltr'><strong><em>834ριστυιέλει</em></strong></span> <span class='ocrx_word' id='word_1_200' title='bbox 1270 3054 1324 3115; x_wconf 80' lang='grc' dir='ltr'>καὶ</span> 
     </span>
    </p>
   </div>
   <div class='ocr_carea' id='block_1_5' title="bbox 151 3284 1323 4434">
    <p class='ocr_par' dir='ltr' id='par_1_10' title="bbox 151 3284 1323 4434">
     <span class='ocr_line' id='line_1_26' title="bbox 239 3284 1323 3365; baseline 0.001 -19"><span class='ocrx_word' id='word_1_201' title='bbox 239 3284 481 3363; x_wconf 84' lang='lat' dir='ltr'>Disputationis</span> <span class='ocrx_word' id='word_1_202' title='bbox 504 3285 598 3350; x_wconf 93' lang='lat' dir='ltr'>huius</span> <span class='ocrx_word' id='word_1_203' title='bbox 614 3285 678 3349; x_wconf 92' lang='lat' dir='ltr'>iam</span> <span class='ocrx_word' id='word_1_204' title='bbox 695 3286 789 3350; x_wconf 90' lang='lat' dir='ltr'>finem</span> <span class='ocrx_word' id='word_1_205' title='bbox 806 3285 949 3350; x_wconf 77' lang='lat' dir='ltr'>assecuti</span> <span class='ocrx_word' id='word_1_206' title='bbox 964 3284 1110 3349; x_wconf 88' lang='lat' dir='ltr'>breviter</span> <span class='ocrx_word' id='word_1_207' title='bbox 1129 3289 1323 3365; x_wconf 81' lang='lat' dir='ltr'>repetamus,</span> 
     </span>
     <span class='ocr_line' id='line_1_27' title="bbox 151 3390 1323 3474; baseline 0.002 -23"><span class='ocrx_word' id='word_1_208' title='bbox 151 3391 232 3467; x_wconf 73' lang='grc' dir='ltr'>(μαί</span> <span class='ocrx_word' id='word_1_209' title='bbox 257 3391 518 3472; x_wconf 86' lang='lat' dir='ltr'>comparantibus</span> <span class='ocrx_word' id='word_1_210' title='bbox 543 3392 636 3474; x_wconf 91' lang='lat' dir='ltr'>uobis</span> <span class='ocrx_word' id='word_1_211' title='bbox 659 3392 746 3457; x_wconf 91' lang='lat' dir='ltr'>inter</span> <span class='ocrx_word' id='word_1_212' title='bbox 770 3411 805 3456; x_wconf 90' lang='lat' dir='ltr'>se</span> <span class='ocrx_word' id='word_1_213' title='bbox 829 3392 973 3473; x_wconf 83' lang='lat' dir='ltr'>singulos</span> <span class='ocrx_word' id='word_1_214' title='bbox 998 3392 1037 3455; x_wconf 86' lang='lat' dir='ltr'>de</span> <span class='ocrx_word' id='word_1_215' title='bbox 1061 3410 1170 3471; x_wconf 82' lang='lat' dir='ltr'>regum</span> <span class='ocrx_word' id='word_1_216' title='bbox 1194 3390 1323 3455; x_wconf 91' lang='lat' dir='ltr'>virtuti·</span> 
     </span>
     <span class='ocr_line' id='line_1_28' title="bbox 151 3496 1322 3577; baseline 0.003 -21"><span class='ocrx_word' id='word_1_217' title='bbox 151 3496 210 3557; x_wconf 86' lang='lat' dir='ltr'>hus</span> <span class='ocrx_word' id='word_1_218' title='bbox 235 3503 383 3563; x_wconf 84' lang='lat' dir='ltr'>auctores</span> <span class='ocrx_word' id='word_1_219' title='bbox 400 3499 503 3563; x_wconf 89' lang='lat' dir='ltr'>visum</span> <span class='ocrx_word' id='word_1_220' title='bbox 527 3504 588 3564; x_wconf 92' lang='lat' dir='ltr'>est.</span> <span class='ocrx_word' id='word_1_221' title='bbox 633 3500 738 3563; x_wconf 90' lang='lat' dir='ltr'>Multa</span> <span class='ocrx_word' id='word_1_222' title='bbox 761 3498 898 3563; x_wconf 90' lang='lat' dir='ltr'>omnium</span> <span class='ocrx_word' id='word_1_223' title='bbox 923 3502 980 3562; x_wconf 91' lang='lat' dir='ltr'>aut</span> <span class='ocrx_word' id='word_1_224' title='bbox 1003 3498 1225 3577; x_wconf 88' lang='lat' dir='ltr'>plerorumque</span> <span class='ocrx_word' id='word_1_225' title='bbox 1241 3517 1322 3561; x_wconf 89' lang='lat' dir='ltr'>com·</span> 
     </span>
     <span class='ocr_line' id='line_1_29' title="bbox 152 3603 1322 3689; baseline 0.003 -26"><span class='ocrx_word' id='word_1_226' title='bbox 152 3603 259 3667; x_wconf 91' lang='lat' dir='ltr'>mnnia</span> <span class='ocrx_word' id='word_1_227' title='bbox 293 3611 435 3689; x_wconf 87' lang='lat' dir='ltr'>exstant,</span> <span class='ocrx_word' id='word_1_228' title='bbox 472 3626 573 3687; x_wconf 93' lang='lat' dir='ltr'>neque</span> <span class='ocrx_word' id='word_1_229' title='bbox 604 3625 700 3670; x_wconf 88' lang='lat' dir='ltr'>unum</span> <span class='ocrx_word' id='word_1_230' title='bbox 729 3606 814 3671; x_wconf 92' lang='lat' dir='ltr'>ullus</span> <span class='ocrx_word' id='word_1_231' title='bbox 850 3605 988 3686; x_wconf 87' lang='lat' dir='ltr'>scriptor</span> <span class='ocrx_word' id='word_1_232' title='bbox 1024 3605 1124 3669; x_wconf 88' lang='lat' dir='ltr'>solum</span> <span class='ocrx_word' id='word_1_233' title='bbox 1161 3609 1322 3668; x_wconf 90' lang='lat' dir='ltr'>auctorem</span> 
     </span>
     <span class='ocr_line' id='line_1_30' title="bbox 152 3709 1323 3795; baseline 0.003 -24"><span class='ocrx_word' id='word_1_234' title='bbox 152 3709 242 3774; x_wconf 87' lang='lat' dir='ltr'>novit</span> <span class='ocrx_word' id='word_1_235' title='bbox 266 3718 323 3775; x_wconf 84' lang='lat' dir='ltr'>aut</span> <span class='ocrx_word' id='word_1_236' title='bbox 345 3713 502 3778; x_wconf 89' lang='lat' dir='ltr'>imitatur.</span> <span class='ocrx_word' id='word_1_237' title='bbox 550 3716 595 3777; x_wconf 85' lang='lat' dir='ltr'>At</span> <span class='ocrx_word' id='word_1_238' title='bbox 617 3713 807 3795; x_wconf 82' lang='lat' dir='ltr'>invenimus,</span> <span class='ocrx_word' id='word_1_239' title='bbox 838 3712 890 3793; x_wconf 89' lang='lat' dir='ltr'>qui</span> <span class='ocrx_word' id='word_1_240' title='bbox 914 3712 1007 3775; x_wconf 91' lang='lat' dir='ltr'>unius</span> <span class='ocrx_word' id='word_1_241' title='bbox 1037 3716 1168 3791; x_wconf 91' lang='lat' dir='ltr'>praeter</span> <span class='ocrx_word' id='word_1_242' title='bbox 1198 3715 1323 3774; x_wconf 89' lang='lat' dir='ltr'>ceteros</span> 
     </span>
     <span class='ocr_line' id='line_1_31' title="bbox 152 3815 1323 3897; baseline 0 -19"><span class='ocrx_word' id='word_1_243' title='bbox 152 3816 283 3895; x_wconf 85' lang='lat' dir='ltr'>scriptis</span> <span class='ocrx_word' id='word_1_244' title='bbox 308 3818 447 3884; x_wconf 90' lang='lat' dir='ltr'>animum</span> <span class='ocrx_word' id='word_1_245' title='bbox 470 3821 651 3885; x_wconf 87' lang='lat' dir='ltr'>intendant.</span> <span class='ocrx_word' id='word_1_246' title='bbox 689 3821 867 3884; x_wconf 86' lang='lat' dir='ltr'>Praestant</span> <span class='ocrx_word' id='word_1_247' title='bbox 890 3824 998 3883; x_wconf 93' lang='lat' dir='ltr'>autem</span> <span class='ocrx_word' id='word_1_248' title='bbox 1023 3815 1088 3881; x_wconf 88' lang='lat' dir='ltr'>iam</span> <span class='ocrx_word' id='word_1_249' title='bbox 1105 3815 1323 3897; x_wconf 87' lang='lat' dir='ltr'>antiquissimi</span> 
     </span>
     <span class='ocr_line' id='line_1_32' title="bbox 152 3922 1322 4003; baseline 0.002 -20"><span class='ocrx_word' id='word_1_250' title='bbox 152 3924 330 4002; x_wconf 85' lang='lat' dir='ltr'>complures</span> <span class='ocrx_word' id='word_1_251' title='bbox 365 3924 452 3990; x_wconf 88' lang='lat' dir='ltr'>inter</span> <span class='ocrx_word' id='word_1_252' title='bbox 486 3947 521 3992; x_wconf 91' lang='lat' dir='ltr'>se</span> <span class='ocrx_word' id='word_1_253' title='bbox 557 3926 798 3992; x_wconf 85' lang='lat' dir='ltr'>similitudines:</span> <span class='ocrx_word' id='word_1_254' title='bbox 838 3925 925 3990; x_wconf 89' lang='lat' dir='ltr'>inter</span> <span class='ocrx_word' id='word_1_255' title='bbox 963 3926 1021 3988; x_wconf 93' lang='lat' dir='ltr'>hos</span> <span class='ocrx_word' id='word_1_256' title='bbox 1057 3929 1091 3988; x_wconf 99' lang='lat' dir='ltr'>et</span> <span class='ocrx_word' id='word_1_257' title='bbox 1126 3922 1322 4003; x_wconf 86' lang='lat' dir='ltr'>posteriores</span> 
     </span>
     <span class='ocr_line' id='line_1_33' title="bbox 152 4029 1323 4115; baseline -0.001 -23"><span class='ocrx_word' id='word_1_258' title='bbox 152 4030 248 4093; x_wconf 71' lang='lat' dir='ltr'>mcclii</span> <span class='ocrx_word' id='word_1_259' title='bbox 272 4031 364 4110; x_wconf 88' lang='lat' dir='ltr'>qnasi</span> <span class='ocrx_word' id='word_1_260' title='bbox 388 4038 463 4097; x_wconf 93' lang='lat' dir='ltr'>sunt</span> <span class='ocrx_word' id='word_1_261' title='bbox 485 4034 547 4098; x_wconf 93' lang='lat' dir='ltr'>Dio</span> <span class='ocrx_word' id='word_1_262' title='bbox 572 4035 820 4115; x_wconf 81' lang='lat' dir='ltr'>Chrysostomus</span> <span class='ocrx_word' id='word_1_263' title='bbox 845 4038 878 4097; x_wconf 89' lang='lat' dir='ltr'>et</span> <span class='ocrx_word' id='word_1_264' title='bbox 901 4032 1106 4096; x_wconf 83' lang='lat' dir='ltr'>Plutarchus</span> <span class='ocrx_word' id='word_1_265' title='bbox 1139 4031 1244 4108; x_wconf 90' lang='lat' dir='ltr'>Atque</span> <span class='ocrx_word' id='word_1_266' title='bbox 1268 4029 1323 4091; x_wconf 86' lang='lat' dir='ltr'>illc</span> 
     </span>
     <span class='ocr_line' id='line_1_34' title="bbox 153 4136 1322 4221; baseline -0.001 -23"><span class='ocrx_word' id='word_1_267' title='bbox 153 4137 277 4215; x_wconf 76' lang='lat' dir='ltr'>quidem</span> <span class='ocrx_word' id='word_1_268' title='bbox 303 4139 548 4218; x_wconf 86' lang='lat' dir='ltr'>Xenophontem</span> <span class='ocrx_word' id='word_1_269' title='bbox 572 4138 720 4205; x_wconf 88' lang='lat' dir='ltr'>imitatus</span> <span class='ocrx_word' id='word_1_270' title='bbox 744 4147 805 4221; x_wconf 88' lang='lat' dir='ltr'>est,</span> <span class='ocrx_word' id='word_1_271' title='bbox 834 4138 908 4203; x_wconf 94' lang='lat' dir='ltr'>huic</span> <span class='ocrx_word' id='word_1_272' title='bbox 939 4157 1009 4201; x_wconf 91' lang='lat' dir='ltr'>cum</span> <span class='ocrx_word' id='word_1_273' title='bbox 1033 4136 1137 4201; x_wconf 88' lang='lat' dir='ltr'>Dione</span> <span class='ocrx_word' id='word_1_274' title='bbox 1167 4136 1322 4216; x_wconf 77' lang='lat' dir='ltr'>quiaedam</span> 
     </span>
     <span class='ocr_line' id='line_1_35' title="bbox 152 4241 1323 4327; baseline -0.002 -21"><span class='ocrx_word' id='word_1_275' title='bbox 152 4245 331 4309; x_wconf 65' lang='lat' dir='ltr'>‹zonnnunia</span> <span class='ocrx_word' id='word_1_276' title='bbox 366 4251 451 4311; x_wconf 89' lang='lat' dir='ltr'>sunt.</span> <span class='ocrx_word' id='word_1_277' title='bbox 502 4246 548 4310; x_wconf 85' lang='lat' dir='ltr'>Et</span> <span class='ocrx_word' id='word_1_278' title='bbox 577 4245 802 4327; x_wconf 86' lang='lat' dir='ltr'>Xenophontis</span> <span class='ocrx_word' id='word_1_279' title='bbox 837 4250 870 4309; x_wconf 91' lang='lat' dir='ltr'>et</span> <span class='ocrx_word' id='word_1_280' title='bbox 904 4243 1019 4308; x_wconf 87' lang='lat' dir='ltr'>Dionis</span> <span class='ocrx_word' id='word_1_281' title='bbox 1054 4241 1198 4322; x_wconf 82' lang='lat' dir='ltr'>uestigia</span> <span class='ocrx_word' id='word_1_282' title='bbox 1232 4241 1323 4306; x_wconf 88' lang='lat' dir='ltr'>vides</span> 
     </span>
     <span class='ocr_line' id='line_1_36' title="bbox 152 4347 1322 4434; baseline -0.007 -16"><span class='ocrx_word' id='word_1_283' title='bbox 152 4356 236 4434; x_wconf 83' lang='lat' dir='ltr'>apud</span> <span class='ocrx_word' id='word_1_284' title='bbox 261 4353 386 4417; x_wconf 87' lang='lat' dir='ltr'>Aelium</span> <span class='ocrx_word' id='word_1_285' title='bbox 410 4352 598 4416; x_wconf 85' lang='lat' dir='ltr'>Aristidem.</span> <span class='ocrx_word' id='word_1_286' title='bbox 637 4351 815 4416; x_wconf 81' lang='lat' dir='ltr'>Themistio</span> <span class='ocrx_word' id='word_1_287' title='bbox 839 4351 1090 4429; x_wconf 84' lang='lat' dir='ltr'>Ohrysostomus</span> <span class='ocrx_word' id='word_1_288' title='bbox 1114 4352 1190 4412; x_wconf 91' lang='lat' dir='ltr'>ante</span> <span class='ocrx_word' id='word_1_289' title='bbox 1215 4347 1322 4411; x_wconf 92' lang='lat' dir='ltr'>oculos</span> 
     </span>
    </p>
   </div>
   <div class='ocr_carea' id='block_1_6' title="bbox 0 0 1490 4980">
    <p class='ocr_par' dir='ltr' id='par_1_11' title="bbox 0 0 1490 4980">
     <span class='ocr_line' id='line_1_37' title="bbox 0 0 1490 4980; baseline 0 0"><span class='ocrx_word' id='word_1_290' title='bbox 0 0 1490 4980; x_wconf 95' lang='lat' dir='ltr'> </span> 
     </span>
    </p>
   </div>
  </div>
 </body>
</html>
