2964 4980
623 349 938 410 -57·...

147 547 179 610 S.
205 567 274 626 cap.
302 552 342 610 28
367 543 401 628 (ξ
426 543 482 628 29)
506 543 536 606 Α
566 532 743 604 κδντευίίεν
773 527 827 603 οὖν
856 537 943 624 παρὰ
981 537 1018 602 τὸ
1047 536 1209 623 θεοφιλὴς
1237 533 1320 600 εἶναι

282 647 519 737 ηιλόνίίρωιτός
542 645 620 712 ἐστι.

192 761 250 824 Th.
278 781 306 840 p.
333 765 351 822 9
376 779 396 823 a
420 748 498 819 ὥστ’
523 753 654 831 εἰκότως
677 752 836 841 θεοφιλὴς
859 751 1007 835 βασιλεός
1031 745 1047 815 δ
1073 749 1318 838 ιμιλοίνίίρωιισς.

193 867 349 947 Synesius
373 865 478 929 minus
501 882 599 944 prope
623 863 750 956 aceedit
773 863 814 926 ad
838 859 953 925 Dionis
977 881 1007 941 p.
1037 865 1098 924 116
1123 860 1176 923 fin.
1205 866 1320 921 τοσοῦ-

281 996 334 1047 τος
357 971 389 1034 δὲ
414 965 456 1034 ιδν
480 975 609 1055 πρῶτον
631 973 689 1050 μέν
713 966 781 1032 ἐστι
805 966 973 1053 θεοφιλής.
1025 960 1027 963 ’

149 1081 180 1145 S.
207 1101 275 1161 cap.
299 1086 336 1143 10
360 1079 403 1143 in.
428 1078 543 1163 κρηιιὶς
566 1069 725 1163 οἷσψαλής.

194 1189 252 1251 Th.
278 1208 307 1267 p.
334 1193 374 1250 67
393 1206 413 1250 a
435 1184 551 1270 κρηιιὶς
574 1175 763 1269 ιῖσψαλείας.

149 1294 181 1357 S.
207 1314 275 1374 (zap.
295 1301 312 1356 9
331 1294 354 1357 G
381 1295 457 1378 ψίρε
473 1289 509 1377 δη
533 1311 585 1354 σοι
608 1289 726 1374 γρόψω
750 1289 833 1374 λόγῳ
850 1288 1051 1372 τὸνβασιλέα
1069 1281 1321 1372 όίοιιερόγαλμα

282 1398 409 1485 στήσας.
443 1396 480 1460 σὺ
498 1397 531 1461 δέ
546 1422 603 1479 μοι
619 1396 656 1462 τό
672 1391 799 1481 δίγαλμα
815 1406 910 1460 τουτο
926 1395 1109 1477 κινούμενον
1132 1393 1244 1470 δείξεις
1267 1393 1321 1456 καὶ

263 1503 420 1586 ’ἔμιινουν
449 1502 625 1589 γενόμενον.
673 1525 743 1586 cap.
772 1511 810 1569 10
834 1506 864 1569 Α
894 1495 1038 1587 εὐσέβεια
1063 1553 1070 1565 .
1097 1553 1103 1565 .
1131 1552 1137 1564 .
1165 1552 1183 1578 .,
1209 1493 1261 1587 ἐφ)
1286 1490 1322 1586 λης

281 1611 404 1697 ἑστηξει
439 1611 475 1674 τό
509 1605 637 1695 ἄγαλμα
672 1609 818 1692 ἕμιτεδον.
866 1631 936 1692 cap.
963 1617 1002 1674 29
1028 1613 1055 1675 B
1079 1603 1161 1673 ου’τιί
1197 1633 1233 1672 τε
1269 1595 1322 1670 σόν

281 1728 382 1781 ταιῗτα
406 1769 413 1781 .
440 1769 446 1782 .
473 1768 480 1781 .
504 1716 673 1804 ιτληροότω
697 1716 734 1784 τὸ
757 1712 894 1801 ἄγαλμα.

193 1812 256 1890 Th.
278 1848 306 1907 p.
335 1833 353 1889 9
378 1829 398 1891 b
429 1814 521 1900 οὗτος
544 1819 671 1909 ἄγαλμα
694 1833 750 1888 τοῦ
775 1829 856 1888 δεου
886 1817 1034 1909 όκέραιον
1062 1825 1115 1886 καὶ
1144 1816 1320 1908 ὁλόκληρον.

149 1935 181 1998 S.
200 1955 268 2015 (zap.
291 1935 371 1998 13A
396 1925 449 2013 σόχ
473 1930 508 1996 δν
532 1931 680 2010 δεδίασιν,
705 1923 773 1994 αλλ’
796 1925 878 2015 όιτὲρ
903 1920 938 1993 οὗ
965 1929 1104 1994 δεδίασιν
1129 1929 1157 1993 σί
1174 1922 1320 2015 όιτηκυσι.

194 2042 252 2105 Th.
278 2061 308 2121 p.
337 2047 375 2104 10
400 2061 417 2105 ο
441 2038 475 2103 δν
500 2032 535 2103 οὐ
560 2039 707 2116 δεδίασιν,
737 2030 806 2101 αλλ’
829 2031 911 2123 όιτὲρ
935 2027 970 2100 οὗ
1001 2036 1141 2101 δεδίασιν
1165 2036 1194 2100 οἱ
1225 2028 1322 2121 όρχό-

282 2171 383 2228 μινοι.
409 2147 448 2213 cf.
474 2168 504 2228 p.
532 2154 572 2211 36
597 2167 626 2212 a.

149 2257 181 2321 S.
207 2277 276 2336 cap.
303 2262 321 2319 9
346 2257 375 2319 A
400 2253 417 2317 ό
440 2262 552 2339 κυροῦν
576 2251 655 2340 ἐ’φην
679 2245 774 2317 αότδν
798 2252 882 2338 (scil.
907 2250 962 2315 τόν
984 2249 1132 2336 βασιλέα)
1156 2250 1210 2311 καὶ
1235 2241 1320 2312 διτο-

284 2366 410 2449 ψαίνειν
433 2359 627 2444 τυγχάνοντα
650 2361 703 2422 καὶ
728 2352 763 2422 οό
783 2356 998 2443 ψευδιόνυμον.
1024 2378 1094 2439 cap.
1113 2357 1174 2422 80
1200 2349 1216 2419 ό
1233 2355 1323 2440 δεῦρο

283 2462 458 2550 ὁμώνυμος,
483 2463 523 2531 δν
545 2466 588 2552 μὴ
615 2466 769 2553 ψεύδηται
793 2459 941 2546 τοῦνομα.

194 2578 251 2639 Th.
278 2598 308 2656 p.
337 2578 413 2641 1οδ
444 2575 499 2638 καὶ
527 2573 623 2656 μόνος
646 2572 683 2638 τὸ
704 2582 809 2660 χρηιια
834 2565 869 2636 οδ
897 2571 1048 2656 ψεύδεται
1072 2580 1126 2658 της
1148 2570 1321 2654 βασιλείας.

282 2704 312 2763 p.
332 2690 410 2748 303.
432 2681 579 2765 βασιλεὺς
603 2676 619 2745 ό
643 2690 689 2767 τηῖ
713 2674 781 2745 όντι
804 2680 858 2743 καὶ
883 2672 918 2743 σό
944 2676 1167 2764 ψευδωνύμως.
1198 2699 1228 2759 p.
1248 2683 1324 2742 640

284 2788 461 2876 φιλόσοφοι
486 2788 515 2853 οἱ
539 2788 583 2876 μη
608 2787 820 2874 ψευδώνυμοι.

150 2897 181 2960 S.
207 2916 277 2976 cap.
303 2903 321 2959 9
347 2897 370 2960 C
401 2891 485 2959 οδτω
513 2897 645 2979 βασιλέα
676 2900 775 2979 μέγαν
812 2886 1019 2976 όνομοίζοντες
1055 2889 1322 2977 διταληδεόοιμεν.

195 3004 253 3066 Th.
280 3024 309 3083 p.
338 3010 398 3067 126
423 3005 443 3067 b
476 2995 517 3066 δι)
542 3002 596 3078 οὓς
631 3001 687 3067 ι’τιὶ
722 3003 773 3065 σοὶ
808 3000 864 3087 τὴν
898 2999 1055 3087 θειότητα
1090 2991 1322 3084 α’ληέίεόσομεν.

283 3130 312 3189 p.
341 3116 380 3173 79
405 3112 425 3174 b
449 3106 505 3193 τὴν
528 3108 685 3195 δειότητα
710 3107 959 3195 ἐπιφημίζοντες
983 3100 1018 3171 οδ
1046 3104 1248 3191 ψευσόμεθα.

151 3236 182 3299 S.
201 3255 270 3315 cap.
291 3235 350 3298 50
375 3231 579 3318 κληρονόμοις
603 3242 658 3320 της
680 3231 783 3319 τύχης.
820 3253 891 3314 cap.
917 3235 982 3298 5A
1005 3225 1137 3306 οἷιτόνως
1161 3227 1325 3317 ἐκληρονό-

282 3361 396 3426 μησας.

195 3450 253 3512 Th.
279 3469 309 3528 p.
336 3454 376 3512 65
401 3467 419 3512 σ
448 3444 502 3510 τδν
532 3445 724 3533 κληρονόμον
754 3456 809 3532 της
840 3439 963 3533 α’ρετης.
1011 3447 1050 3512 ef.
1081 3446 1152 3510 Lib.
1176 3446 1238 3511 Vol.
1263 3446 1324 3526 HI,

285 3562 358 3638 279,
386 3561 401 3618 1
432 3563 497 3618 των
525 3553 633 3625 ιτόνων
660 3552 862 3639 κληρονόμος.
909 3555 949 3620 cf.
974 3555 1040 3620 Jul.
1069 3560 1085 3617 7
1111 3555 1140 3618 D
1165 3546 1254 3627 διτως
1281 3549 1325 3636 μὴ

283 3671 337 3747 της
360 3653 456 3748 (ἷρχης
478 3659 574 3742 μόνον
598 3652 677 3723 ἄλλα
706 3661 760 3723 καὶ
782 3670 840 3748 της
862 3654 976 3746 οἷρετής
1001 3668 1103 3746 φανῇς
1123 3655 1323 3744 κληρονόμος.

151 3787 182 3850 S.
209 3807 278 3866 cap.
305 3794 344 3850 31
370 3789 397 3851 B
427 3779 471 3862 ὦς
501 3786 628 3849 πολλῶν
657 3779 765 3863 όντων,
796 3783 816 3848 δ
850 3785 981 3850 δέδωκεν
1013 3778 1030 3850 ό
1066 3783 1147 3859 θεὸς
1178 3782 1324 3867 βασιλεία

285 3891 406 3978 ζηλωτὰ
437 3893 492 3956 καὶ
519 3891 671 3977 μακόρια,
706 3884 830 3968 σδδενδς
861 3883 964 3979 ἧττον,
994 3891 1023 3955 εἰ
1049 3890 1094 3978 μὴ
1122 3891 1176 3953 καὶ
1205 3887 1325 3964 ιιαντδς

282 4000 401 4080 μᾶλλον
424 3992 586 4086 ἀγασθείη
609 4024 659 4076 τις
681 3995 720 4063 δν
744 3993 840 4087 αότης
863 4001 918 4063 καὶ
940 3992 1099 4085 όμνήσειε.
1137 4023 1141 4040 ²

196 4110 254 4171 Th.
284 4128 304 4187 p
335 4113 351 4170 7
377 4126 394 4171 ο
434 4105 535 4170 πολλὰ
581 4095 634 4169 οὖν
669 4104 768 4190 ἔγωγε
802 4099 961 4191 α’γόμενος
994 4106 1150 4188 βασιλέως
1183 4101 1325 4184 μα’λιστα

283 4207 406 4296 ἄγαμαι
440 4221 504 4276 των
538 4213 670 4277 λοιιτων.
718 4234 747 4294 p.
775 4220 815 4278 65
841 4235 861 4279 a
896 4211 912 4277 δ
938 4213 992 4276 καὶ
1027 4205 1066 4275 όν
1100 4235 1150 4286 τις
1183 4209 1325 4291 μα’λιστα

283 4314 447 4406 δγασθείη
470 4327 525 4406 της
548 4328 605 4405 στῙς
627 4323 843 4407 προμηθείας.
