2964 4980
665 456 886 516 ...44...

239 650 321 713 Xen.
342 656 376 710 K.
396 646 482 711 παιδ.
501 647 592 729 VIII,
620 652 647 729 1,
666 652 706 711 30
731 615 792 718 Ιναί
800 646 1009 732 σωφροσύνην
1025 637 1053 707 δ)
1070 637 1167 709 αύτού
1184 642 1368 721 ἐπιδεικνύς

327 754 446 835 μᾶλλον
470 751 574 816 ἐποίει
598 753 651 816 καὶ
675 751 791 838 ταύτην
814 751 939 828 πάντας
962 744 1081 816 ύσκεῖν,

194 863 259 928 Jul.
285 862 374 926 461)
398 853 504 946 ἡδονῆς
527 852 658 946 ύπύσρς
682 910 689 923 .
716 910 722 923 .
749 909 756 922 .
780 857 929 944 καθαρὰν
952 858 1008 944 τὴν
1034 858 1134 946 ψυχὴν
1165 857 1367 946 διεφύλαξας.

331 968 437 1032 10οΒ
462 959 534 1030 ούτε
557 965 691 1052 αἰσχράς
714 963 894 1047 ἐπιθυμίας
918 963 1001 1029 ἑύλω
1025 965 1171 1030 πώποτε.

240 1077 323 1140 Xen.
339 1065 440 1160 s'iypo.
459 1080 488 1156 8,
513 1080 532 1137 8
556 1071 594 1136 τὸ
616 1071 671 1160 τὴν
695 1065 792 1136 αύτοῦ
817 1071 918 1159 ψυχὴν
940 1064 1103 1137 οἷνοίλωτον
1131 1071 1369 1137 κατασκευάσαι

332 1180 386 1243 καὶ
409 1172 473 1244 ύπδ
493 1178 664 1266 χρημάτων
687 1179 742 1242 καὶ
764 1172 830 1243 ύπδ
853 1171 969 1266 ἡδονῶν
992 1179 1045 1242 καὶ
1068 1172 1133 1244 ὑπὸ
1157 1178 1267 1266 φόβου.

195 1290 261 1354 Jul.
287 1289 375 1353 441)
398 1291 521 1373 χαίρεις
542 1285 600 1368 μὲν
624 1283 680 1351 ἐπὶ
704 1297 772 1362 τοῖς
795 1295 859 1352 τῶν
882 1279 985 1350 ἄλλων
1008 1279 1159 1371 ἀγαθοῖς.

241 1396 324 1460 Xen.
350 1403 387 1458 K.
413 1393 501 1458 παιδ.
528 1395 620 1478 VIII,
646 1403 674 1477 2,
700 1400 718 1458 2
743 1394 797 1456 καὶ
827 1402 873 1480 τῷ
897 1392 1106 1480 συνηδόμενος
1128 1393 1186 1475 μὲν
1218 1391 1274 1457 ἐπὶ
1303 1404 1371 1469 τοῖς
1429 1457 1432 1466 2

329 1493 472 1585 ύναθοῑς
496 1499 632 1588 φανερὸς
655 1497 747 1564 εἶναι.

198 1611 264 1676 Iul.
294 1609 377 1674 ioB
401 1607 455 1671 καὶ
479 1606 626 1688 δεόμενος
647 1607 704 1689 μὲν
729 1601 862 1687 ούδενύς,
887 1606 1035 1695 ἐπαρκῶν
1058 1600 1086 1670 δ
1108 1601 1225 1684 ἄλλοις.

232 1717 324 1781 Xan.
341 1707 442 1801 Ἀνησ.
471 1721 520 1799 ll,
548 1720 585 1779 11
617 1723 662 1800 ap]
692 1708 720 1777 δ’
749 1707 844 1791 αύτδς
875 1715 932 1797 μὲν
964 1708 1008 1792 ὠς
1031 1713 1203 1796 ἐλαχίστων
1227 1714 1370 1791 δεῖσθαι,

331 1820 404 1897 τούς
428 1821 460 1885 δὲ
485 1822 598 1909 φίλους
622 1815 665 1898 ὡς
688 1823 825 1887 πλεῖστα
850 1814 996 1909 ιύφελεῑν.

202 1931 268 1995 Jul.
297 1932 382 1995 IIA
413 1924 515 1993 ύνινοο
543 1953 579 1992 τε
607 1927 772 2010 ἐλαχίστου
802 1929 938 2014 δεομένῳ
962 1930 1016 1993 καί
1039 1937 1160 2017 τροφῆς
1184 1920 1219 1993 ού
1242 1925 1370 2016 πολλῆς.

332 2044 372 2101 87
391 2038 414 2101 O
431 2031 521 2121 ’(ύπνιμ
537 2060 573 2100 τε
589 2034 682 2100 είκων
698 2029 788 2121 ύλίγα
805 2037 858 2100 καί
874 2036 930 2125 τὴν
945 2029 1059 2122 ύργίαν
1075 2029 1369 2123 ἀποστρεφόμενος.

247 2146 330 2209 Xen.
353 2136 453 2229 l'iypo.
480 2150 509 2228 5,
535 2151 563 2209 2.
616 2153 653 2207 K.
679 2144 767 2207 παιδ.
793 2146 819 2229 I,
849 2152 877 2229 6,
908 2152 937 2210 8.
990 2144 1062 2211 Lib.
1092 2146 1154 2212 vol.
1179 2145 1205 2228 Ι,
1233 2149 1309 2228 401,
1342 2149 1369 2208 l.

331 2251 393 2318 vol.
418 2251 444 2334 Ι,
469 2256 544 2334 453,
571 2259 587 2315 7
613 2256 647 2316 ot
671 2251 810 2334 saepius.

197 2359 263 2423 Jul.
289 2359 378 2422 891)
402 2377 460 2422 rox
483 2357 597 2439 puniat¹
621 2377 678 2440 por
702 2358 793 2424 alios.

242 2465 326 2529 Xon.
349 2456 416 2549 Ἱέρ.
440 2470 470 2548 9,
495 2471 513 2529 3
538 2465 622 2530 idem
645 2464 774 2548 legitur.

198 2573 264 2637 Jul.
290 2578 331 2635 89
353 2573 381 2636 Β
406 2590 484 2655 apes
507 2572 740 2655 comparationi
765 2578 849 2638 sunt.

248 2680 332 2743 Xon.
363 2687 401 2741 K.
425 2678 514 2742 παιδ.
539 2680 577 2762 V,
604 2685 632 2763 1,
658 2685 700 2744 24
723 2685 758 2744 ot
780 2680 871 2761 ipsae
895 2699 973 2763 opos
997 2684 1234 2762 comparantur.

198 2786 264 2850 Jul.
290 2786 375 2849 89ss
399 2776 470 2847 a'II'
494 2783 526 2849 ἐν
549 2785 618 2871 δίκῃ
642 2784 750 2849 ποίντα
774 2785 855 2872 δραῖν
883 2785 955 2863 τοὺς
981 2786 1040 2867 μὲν
1066 2778 1215 2870 οἷγαθοδς
1243 2785 1372 2872 τιμήσει

332 2892 523 2977 προθύμως.

243 3000 327 3064 Xon.
343 2991 408 3087 ‘aa
427 3007 456 3083 υ,
476 3007 525 3065 ω.
551 3008 587 3063 K.
606 3000 693 3064 aaa
719 3002 793 3084 vii,
812 3007 841 3085 5,
858 3007 910 3065 oa.
936 3001 1027 3084 VIII,
1047 3006 1074 3083 1,
1092 3007 1143 3065 39.
1174 3001 1272 3066 lsoor.
1290 2997 1373 3084 πρὸς

332 3115 406 3170 Νικ.
423 3113 462 3171 18
480 3114 622 3172 α.’19ε.
655 3109 717 3173 Dio
740 3127 770 3190 p.
785 3113 838 3172 49.
864 3106 972 3193 (huius
986 3106 1067 3190 disp.
1082 3125 1112 3189 p.
1130 3113 1167 3171 17
1186 3107 1238 3171 fin.
1260 3112 1299 3171 la
1312 3105 1371 3192 in.)

199 3215 265 3280 Jul.
291 3215 379 3280 87A
404 3211 503 3299 ἐργων
526 3237 561 3277 τε
585 3206 673 3300 ozi-coi
695 3213 865 3291 κοινωνούς
887 3215 941 3278 καὶ
966 3211 1152 3300 ἐπικούρους
1167 3222 1214 3300 τῴ
1237 3212 1371 3300 πλήθει.

246 3321 330 3387 Xen.
360 3329 397 3385 K.
427 3320 516 3385 παιδ.
547 3322 621 3406 VH,
654 3328 683 3406 5,
715 3328 753 3387 71
791 3322 939 3385 κοινωνοὶ
973 3316 1055 3385 εἶναι
1089 3321 1143 3384 καί
1177 3319 1285 3385 πόνων
1304 3320 1374 3383 ,καὶ

333 3421 479 3511 ἄγασαι.
527 3428 815 3513 caviliolo.

200 3536 266 3601 Jul.
292 3537 357 3601 8A
381 3535 537 3622 τοσαύτην
560 3534 593 3598 δὲ
617 3529 739 3600 εύνοιαν
770 3530 870 3600 αὑτοῦ
898 3545 967 3612 τοῖς
989 3528 1143 3622 ύπηκύοις
1170 3538 1371 3620 κατέστησεν.

335 3648 376 3707 48
400 3644 430 3709 Α
454 3636 578 3707 ε’ύνοιαν
603 3641 663 3708 οἴει
687 3644 750 3708 δεῖν
773 3642 862 3730 παρὰ
886 3652 949 3708 τῶν
972 3636 1121 3729 ύπηκύων
1148 3635 1304 3726 ύπύρχειν
1327 3648 1373 3725 τῷ

333 3749 533 3832 βασιλεύοντι
550 3748 714 3837 ἐρυμάτων
735 3744 987 3838 ἀσφαλέστατον.
1018 3756 1061 3815 48
1078 3751 1105 3814 Β
1128 3746 1374 3833 στρατευμάτων

167 3941 170 3948 ,
336 3850 451 3922 εύνοια.

246 3965 308 4030 Ι)10
332 3985 362 4048 p.
389 3971 431 4032 54
454 3969 535 4032 med.
568 3971 618 4043 τίς
647 3966 680 4030 δέ
710 3965 843 4053 φρουρά,
875 3976 955 4029 ποῖα
983 3963 1016 4027 δὲ·
1048 3961 1199 4049 ἐρύματα,
1230 3969 1311 4025 ποία
1342 3959 1374 4024 δέ

337 4066 419 4136 ὅπλα
455 4074 641 4159 βεβαιότερα
676 4074 730 4136 καί
757 4077 891 4156 κρείττω
919 4079 974 4159 τῆς
1004 4063 1073 4135 ύπὸ
1106 4077 1170 4134 τιῦν
1200 4061 1375 4132 εύνούντων

338 4183 492 4269 φυλακῆς·
530 4181 569 4246 of.
594 4200 624 4263 p.
651 4188 702 4245 55.
739 4180 884 4262 Longius
908 4180 1004 4245 abest
1019 4179 1103 4243 Xon.
1121 4186 1158 4241 K.
1176 4175 1264 4240 παιδ.
1283 4175 1374 4257 VIII,

337 4300 366 4375 2,
392 4297 442 4355 22.
468 4291 559 4371 VIII,
580 4295 607 4370 7,
634 4295 683 4353 13.
715 4288 834 4370 V11,1‚
860 4293 901 4351 30
926 4285 1034 4371 (huius
1058 4285 1139 4367 disp.
1156 4302 1187 4366 p.
1208 4288 1247 4347 21
1265 4281 1372 4367 moi).

202 4402 268 4468 Jul.
294 4407 335 4465 86
359 4401 382 4465 C
408 4395 585 4483 φιλόπονος
619 4395 652 4459 δὲ
676 4389 720 4457 ιύν
755 4394 853 4479 φύσει
887 4393 939 4456 καί
974 4390 1197 4476 μεγαλόψυχος
1231 4399 1375 4453 κοινωνεῖ

336 4506 394 4588 μὲν
417 4499 523 4569 ἅπασι
546 4512 610 4568 τῶν
633 4500 741 4567 πόνων
763 4501 819 4565 καὶ
834 4499 916 4583 ’ἐχειν
932 4498 964 4565 ἐν
987 4492 1097 4575 αὐτοῖς
1112 4495 1150 4563 τὸ
1165 4497 1262 4562 πλέον
1277 4486 1373 4574 οἷξιοῖ.
