2964 4980
539 277 754 342 ..31-

54 477 154 554 pater
188 471 251 537 luit
285 471 532 558 Themistiusl).
584 473 647 556 Qui
680 473 915 555 posterioribus
951 473 1059 555 quarti
1094 493 1124 556 p.
1157 474 1231 539 Chr.

56 579 182 646 saeculi
210 579 361 646 decennis
391 579 502 645 floruit
530 580 800 661 compluriumque
828 581 1058 664 imperatorum
1087 587 1234 663 tempora

56 686 153 752 vidit.
200 686 230 751 Α
253 687 368 767 quibus
393 687 504 769 magni
532 688 725 754 aestimatus
749 688 950 770 publicisque
967 690 1065 754 rebus
1082 688 1234 755 curandis

57 793 226 860 adhibitus
261 798 322 859 est.
375 794 574 860 Theodosius
611 795 726 861 deinde
761 796 936 862 Arcadium
971 797 1170 862 educandum
1204 795 1235 859 ei

57 900 208 967 tradidit.
266 900 368 982 Degit
407 906 514 967 autem
556 901 658 968 vitam
693 903 879 986 plerumque
913 903 1079 987 Byzantii,
1114 903 1234 969 diutius

58 1012 182 1075 Romae
207 1014 240 1075 et
263 1007 466 1074 Antiochiae.
514 1009 645 1092 Scripta
668 1009 737 1075 eius
762 1016 839 1076 sunt
861 1009 1083 1093 philosophica
1107 1016 1140 1075 et
1163 1010 1235 1073 rhe-

57 1115 175 1181 torica.
222 1115 251 1179 E
281 1115 396 1196 quibus
426 1117 588 1197 permulta
618 1123 764 1184 nostram
798 1137 866 1183 rem
900 1123 1116 1200 pertractant.
1169 1118 1237 1182 Neo

57 1225 180 1288 desunt
201 1222 235 1287 in
258 1222 299 1288 iis
323 1223 463 1304 priorum
487 1224 639 1306 vestigia.

151 1330 365 1411 Comparatur
388 1339 496 1399 autem
512 1352 570 1397 rex
586 1351 657 1399 cum
673 1339 806 1416 pastore
822 1340 856 1400 et
870 1340 965 1415 patre
992 1330 1024 1417 1)
1041 1350 1071 1414 p.
1091 1336 1131 1396 10
1145 1329 1235 1414 a**).

61 1442 170 1505 rnre.
219 1438 252 1525 n)
276 1460 306 1524 p.
331 1443 417 1506 43u.
445 1448 547 1507 1530.

154 1548 388 1634 φιλανθρωπία
411 1555 448 1615 ut
471 1549 668 1632 gravissima
691 1549 780 1632 regis
803 1549 909 1615 virtus
933 1554 1096 1615 tractatur
1119 1567 1149 1631 p.
1173 1554 1236 1612 8a.

61 1660 128 1719 146
145 1673 171 1719 c.

152 1763 276 1845 Regem
300 1770 448 1845 oportere
472 1783 507 1829 se
530 1765 634 1845 ipsum
658 1782 806 1829 coercere
830 1769 864 1829 et
886 1781 1010 1846 regere,
1036 1761 1169 1828 exhibet

58 1887 90 1950 p.
121 1871 174 1935 5b
199 1866 371 1934 ἐπίσταται
400 1868 460 1955 γὰρ
483 1865 574 1951 οἶμαι
605 1870 718 1948 καλῶς,
751 1863 801 1933 ὅτι
831 1878 958 1955 πρῶτον
989 1860 1120 1954 α’ρκνέαν
1143 1860 1238 1933 αὑτοῦ

199 1985 245 2062 τῷ
267 1978 443 2062 βουλομένῳ
467 1986 531 2042 τῶν
553 1971 657 2041 ἄλλων
681 1968 796 2061 ἄρχειν.
842 1995 872 2059 p.
901 1983 1001 2042 126a
1024 1976 1078 2039 καὶ
1106 1975 1239 2058 βασιλέα

199 2094 346 2151 ποιοῦσιν
375 2082 487 2151 ἑανναῦ
516 2094 644 2170 πρῶτον
672 2083 727 2149 τὸν
753 2085 906 2166 μέλλοντα
934 2082 1071 2149 ’ἔσεσθαι
1099 2083 1154 2146 καὶ
1176 2090 1240 2145 τών

199 2184 312 2256 ἄλλων.
353 2211 383 2274 p.
402 2200 563 2262 dauodco
586 2193 619 2256 δέ
643 2188 730 2256 ἔστιν
753 2183 770 2256 ὃ
794 2190 951 2276 τύραννος,
977 2188 1012 2266 ὃς
1034 2184 1102 2272 ἅμα
1124 2197 1240 2254 τετῶν

201 2292 303 2364 ἄλλων
326 2309 435 2385 κρανεῖ
457 2300 517 2362 καὶ·
528 2299 634 2366 doctor
651 2297 761 2364 ἑαυτὸν
777 2312 844 2377 τοῖς
860 2299 988 2364 πάθεσι
1010 2295 1239 2380 παραδίδωσιν.

111 2407 152 2471 cf.
178 2409 219 2472 ad
243 2414 438 2490 postremum
462 2409 564 2473 locum
581 2407 728 2472 Platonis
753 2407 823 2472 not.
850 2413 913 2472 579
936 2407 959 2472 d
984 2405 1038 2468 καὶ
1062 2401 1172 2469 ἑαυτοῦ
1198 2396 1242 2466 ὢν

201 2506 349 2600 ἄαρανιαρ
372 2507 475 2580 ἄλλων
499 2513 684 2603 ἐπιχειρήσῃ
707 2508 824 2599 ἄρχειν.

60 2642 117 2705 De
134 2638 197 2704 Dei
220 2640 401 2705 imitatione
423 2646 511 2706 sunt:
535 2660 565 2724 p.
592 2648 653 2707 9a.
681 2646 723 2705 34
735 2661 760 2706 c.
788 2646 830 2705 64
846 2642 877 2706 b.
904 2647 944 2705 68
959 2661 988 2706 a.
1016 2643 1057 2702 74
1069 2639 1099 2703 d.
1126 2637 1240 2701 78bc.

204 2753 244 2812 33
258 2768 287 2812 a.
314 2750 376 2814 o'b.
402 2751 465 2813 eb.
513 2749 575 2832 Qui
605 2754 674 2814 tres
703 2747 859 2829 postremi
893 2747 956 2812 loci
990 2743 1058 2830 (τὸν
1091 2742 1243 2825 μέλλοντα

204 2847 289 2939 αὐτῷ
320 2845 643 2940 αἰαεικασθήσεσθαι,
673 2859 770 2919 θείαν
799 2853 914 2931 εἰκόνα,
940 2850 1046 2917 εἰκόνα
1075 2849 1170 2935 θεοῦ)
1194 2869 1243 2915 re·

203 2965 302 3028 deunt
334 2964 375 3028 ad
398 2963 484 3028 Plut.
509 2982 539 3045 p.
567 2969 629 3028 122
654 2955 773 3047 (ἄρχων
801 2962 834 3026 δὲ
864 2959 958 3026 εἰκὼν
981 2958 1076 3044 θεοῦ)
1101 2962 1136 3022 et
1158 2955 1244 3021 Aelii

204 3068 223 3155 ξ
249 3076 289 3135 63
314 3069 360 3133 in.
384 3067 444 3154 (opi
467 3077 532 3132 ordo
555 3061 866 3156 hlwvgoinocao‘odot
889 3066 1038 3153 βασιλεῖ).

63 3181 119 3243 De
143 3179 283 3242 Deorum
307 3176 431 3258 pietate
455 3181 543 3242 sunt:
567 3197 597 3259 p.
623 3180 708 3242 381).
734 3178 809 3242 orb
833 3196 850 3241 c
874 3177 904 3241 d.

161 3285 323 3367 Quantum
347 3283 392 3349 sit
415 3283 610 3349 discriminis
631 3283 843 3364 interregem
866 3288 901 3347 et
916 3287 1100 3363 tyrannum,
1124 3279 1245 3361 legitur

63 3413 97 3476 p.
128 3399 169 3457 35
186 3393 216 3457 d.

65 3537 98 3600 p.
129 3518 198 3582 21).
228 3522 270 3581 45
288 3537 314 3582 c.
346 3520 429 3583 aod
459 3515 535 3602 τὸνΞ
544 3507 700 3601 ἀληθινὸν
730 3515 871 3598 βασιλέα,
922 3531 953 3595 p.
981 3512 1060 3576 llb
1089 3509 1246 3592 βασιλέως

206 3614 372 3709 ἆληθινοῦ,
419 3642 449 3705 p.
477 3629 515 3687 11
536 3643 556 3688 a
579 3621 728 3705 βασιλαύς
766 3614 899 3707 ἀληθῶς
949 3617 1129 3700 respiciunt
1158 3616 1244 3681 Plat.

207 3730 278 3795 ιιαλ.
309 3735 371 3795 347
402 3732 442 3812 D,
490 3729 605 3795 Dionis
639 3748 669 3812 p.
703 3735 774 3810 113,
815 3727 901 3792 Aelii
932 3724 951 3811 ξ
983 3731 1024 3791 63
1053 3725 1097 3789 in.
1138 3721 1255 3807 (huius

207 3837 289 3919 disp.
315 3855 345 3918 p.
373 3842 412 3901 29
437 3836 490 3901 fin.
516 3841 550 3901 et
574 3841 615 3900 30
639 3833 708 3920 in).

145 4103 172 4170 *l
194 4102 279 4155 Baret
298 4102 331 4154 de
350 4101 442 4154 Them.
462 4101 592 4168 sophista.
621 4101 750 4155 Lutetiae
768 4099 934 4153 Parisiorum
956 4100 1032 4158 1853.
1051 4113 1130 4165 quem
1151 4096 1247 4150 librum

69 4193 208 4262 inspicere
227 4209 280 4244 non
298 4190 385 4258 potui.

146 4264 191 4352 *¹³5
208 4261 509 4335 Themistii'orationes
529 4279 577 4333 ed.
590 4278 706 4332 Dindori
726 4279 803 4332 1832.
