2964 4980
549 261 770 322 ..29-

71 455 172 532 atque
197 451 359 518 scribendi
374 453 486 517 modus
511 451 638 518 omnino
655 452 700 518 sit
715 453 899 520 contrarius
916 459 951 519 et
966 454 1114 521 diversus
1131 454 1250 521 ceteris

69 560 268 626 auctoribus.

425 793 485 860 II.
520 795 572 861 De
596 793 698 861 Aelio
723 793 892 862 Aristide.

160 936 265 1000 Natus
281 935 394 1001 Aelius
404 933 435 1020 *)
460 941 512 1001 est
535 955 618 1002 anno
643 954 673 1017 p.
691 936 764 1001 Chr.
783 938 909 1002 CXVII
933 937 1097 1022 Adrianis,
1121 940 1249 1022 Mysiae

69 1041 105 1106 in
122 1041 248 1124 oppido.
272 1043 447 1108 institutus
464 1048 516 1107 est
531 1043 684 1125 Pergami
700 1047 741 1111 ab
757 1044 921 1110 Aristocle
938 1044 1094 1130 sophista,
1108 1046 1248 1113 Athenis

70 1149 114 1214 ab
138 1149 269 1215 Herode
293 1149 413 1232 Attico,
438 1150 596 1231 Smyrnae
624 1171 645 1216 a
668 1151 849 1235 Polemone,
878 1171 940 1234 quo
968 1153 1090 1219 factum
1121 1160 1182 1238 est,
1213 1160 1249 1219 ut

69 1273 229 1321 summam
264 1255 500 1338 adipisceretur
528 1257 750 1323 eruditionem.
797 1258 924 1324 Itinera
958 1260 1073 1326 deinde
1105 1261 1248 1343 suscepit

68 1364 174 1429 multe
197 1364 379 1444 multasque
403 1369 511 1430 terras
535 1363 618 1430 adiit
641 1370 740 1447 atque
764 1386 888 1431 summa
911 1367 1029 1446 ubique
1053 1388 1122 1433 cnm
1147 1368 1246 1433 admi-

68 1470 197 1536 ratione
232 1471 392 1537 hominum
427 1477 577 1552 receptus
613 1479 646 1538 et
681 1472 812 1538 auditus
847 1479 907 1538 est.
961 1474 1052 1539 Obiit
1089 1474 1246 1557 Smyrnae

67 1578 264 1643 breviante
294 1598 412 1644 annum
436 1579 530 1644 CXC.
579 1579 718 1661 Scripsit
746 1585 854 1645 autem
883 1581 1047 1646 orationes
1077 1586 1111 1646 et
1140 1582 1247 1647 deela-

68 1685 240 1769 mationes,
265 1685 433 1768 epistulas,
458 1685 612 1750 carmina.
662 1687 713 1750 Ex
737 1686 937 1752 orationibus
967 1707 1053 1752 nona
1082 1689 1126 1753 de
1146 1707 1247 1770 regno

66 1797 121 1856 est
144 1792 301 1858 contecta.
349 1793 440 1875 Quae
463 1792 603 1874 priorum
627 1794 780 1859 nonnulla
795 1795 941 1886 *praebet
964 1793 1123 1876 vestigia

159 1899 375 1982 complurium
399 1906 507 1985 autem
532 1901 710 1965 communia
735 1906 825 1966 sunt:

67 2021 86 2108 §
114 2031 166 2108 60,
193 2025 294 2110 15**)
324 2017 435 2112 ἤρξατο
465 2025 523 2107 μὲν
553 2023 614 2109 γὰρ
644 2019 758 2111 ὥσπερ
786 2023 939 2112 προσήκει
976 2017 1043 2091 απὸ
1075 2017 1245 2109 εὐσεβείας.

203 2131 243 2196 cf.
268 2133 351 2197 Xen.
378 2141 415 2195 K.
441 2132 529 2196 παιό.
554 2134 580 2216 Ι,
606 2139 635 2216 5,
661 2139 690 2197 6.
717 2140 746 2216 5,
773 2139 823 2198 14.
871 2133 987 2198 Dionis
1010 2152 1040 2216 p.
1066 2139 1119 2198 49.

67 2253 149 2339 §62
173 2260 208 2322 et
231 2256 360 2340 saepius
384 2259 423 2323 de
448 2257 684 2344 φιλανθρωπίᾳ
707 2257 844 2340 agitur.⁴
873 2257 913 2322 cf.
939 2259 1022 2322 Xen.
1036 2248 1138 2344 ᾌγησ.
1159 2264 1186 2342 1,
1204 2265 1245 2323 22
1357 2270 1359 2275 '

204 2371 241 2426 r.
267 2363 356 2428 πων.
381 2365 472 2448 VIII,
498 2371 527 2447 a,
554 2371 581 2429 I.
618 2369 648 2447 4,
676 2371 703 2428 ν.
742 2371 770 2448 ν,
796 2371 847 2429 νε.

66 2469 172 2551 Regis
196 2489 266 2535 oum
289 2476 391 2537 nauta
413 2477 546 2552 pastore
569 2478 664 2553 patre
688 2471 945 2554 comparationes
971 2477 1061 2537 sunt:
1088 2471 1121 2556 1)
1146 2469 1165 2556 ξ
1190 2479 1242 2536 60.

206 2575 359 2662 apsa.
410 2576 563 2663 agea.

66 2680 85 2767 5
113 2689 156 2748 63
181 2685 221 2749 de
250 2683 339 2766 regis
374 2685 512 2767 exempli
548 2687 590 2751 ad
630 2688 846 2752 emendandos
881 2686 1041 2751 hominum
1076 2705 1181 2751 mores
1212 2685 1245 2750 vi

205 2790 323 2873 agitur.
332 2791 372 2856 cf.
382 2791 528 2876 Dionem,
542 2793 700 2876 Xenoph.,
713 2795 812 2859 Isocr.
823 2792 932 2879 (huius
946 2793 1029 2876 disp.
1042 2811 1072 2875 p.
1090 2791 1244 2878 mmcd).

64 2895 85 2982 ᾖ
112 2903 156 2962 63
182 2896 385 2982 παράδειγμα
416 2897 449 2962 δὲ
477 2898 684 2985 σωφροσύνης
714 2898 825 2964 ἑαννὸν
853 2898 1037 2984 παρασχών.
1090 2898 1130 2964 cf.
1161 2899 1255 2964 Xem

193 2994 295 3090 λγησ.
327 3011 356 3089 5,
383 3011 410 3070 ν.
458 3015 495 3069 r.
521 3006 609 3070 πων.
640 3007 732 3090 VIII,
759 3013 786 3090 ι,
819 3013 870 3071 ao.
911 3011 994 3088 rae.
1041 3007 1141 3070 Isocr.
1166 3002 1247 3088 πρὸς

205 3116 278 3174 Νικ.
305 3118 344 3176 II
371 3133 400 3178 a.
427 3118 469 3177 34
492 3132 518 3177 e.

64 3233 149 3319 §62
165 3234 218 3299 fin.
236 3241 270 3300 et
287 3242 327 3300 63
344 3235 387 3301 in.
413 3227 449 3302 οὗ
472 3235 533 3322 γὰρ
557 3229 601 3313 ὡς
624 3236 762 3302 σποῖνιον
784 3238 837 3300 καὶ
861 3234 1075 3320 δυσπρόσοδον
1098 3238 1246 3318 παρέχων

205 3339 317 3407 ἑαυτόν
346 3348 441 3425 putat
468 3363 526 3409 rex
557 3364 613 3409 suo
643 3363 677 3409 se
710 3343 836 3408 nomine
865 3343 996 3426 dignum
1026 3342 1104 3425 tore,
1136 3342 1193 3407 sed
1217 3341 1245 3405 εἰ

177 3436 180 3442 ’
204 3445 259 3534 τὴν
279 3439 360 3533 παρ’
383 3441 481 3516 αὐτοῦ
504 3442 626 3515 εὔνοιαν
653 3450 704 3513 καὶ
731 3450 983 3536 φιλανθρωπίαν
1009 3447 1113 3536 κοινὴν
1142 3441 1246 3511 ἅπασι

204 3565 271 3632 τοῖς
309 3555 467 3637 δεομένοις
505 3554 795 3643 παρασκευάσεται,
836 3555 978 3638 οἰόμενος
1014 3554 1078 3620 δεῖν
1112 3551 1168 3618 τὸν
1203 3546 1247 3630 ὡς

204 3651 338 3748 ἅληθως
359 3663 491 3745 βασιλέα
515 3672 561 3748 ιφ]
584 3671 649 3727 τῶν
672 3657 753 3727 ὅλων
776 3654 982 3728 οἷπεικοίσθαι
1009 3661 1135 3744 βασιλεῖ
1164 3659 1245 3724 κατά

203 3791 239 3832 τε
272 3767 328 3856 τὴν
363 3769 616 3855 φιλανθρωπίαν
649 3769 703 3833 καὶ
737 3767 794 3856 τὴν
821 3768 973 3855 πρόνοιαν
1000 3760 1153 3832 ἁπάντων
1182 3776 1246 3831 τῶν

204 3864 393 3960 οἷρχομίνων.

61 4038 177 4046 ..----

140 4143 169 4212 *)
189 4141 284 4196 Aelius
303 4142 439 4196 Aristides
459 4160 511 4196 von
531 4143 565 4195 H.
584 4143 745 4211 Baumgert.
783 4142 899 4211 Leipzig
920 4143 998 4195 1874.

138 4231 185 4300 **)
204 4230 280 4286 Aelii
298 4231 430 4286 Aristidis
450 4232 585 4285 orationes
605 4232 646 4285 ed.
666 4230 784 4284 Dindori
801 4232 878 4284 1829.
